2891 3624
31 429 35 436 ι

111 443 125 452 a·

119 476 125 483 ι

20 487 29 497 ι
107 484 118 505 ³¹

136 531 144 538 1
221 500 342 548 ⁸81

137 551 142 558 ι

1480 274 1545 329 16

394 424 808 488 *plsami-niver
835 424 981 482 ἐπίν,
1017 427 1114 476 ἀλλ’
1143 427 1258 488 ὑπὲρ
1288 428 1524 487 ὀνομάτων
1554 427 1807 488 ἐρίζοντος,
1836 432 2181 491 φιλοσοφητέον
2201 429 2441 491 stlat
2468 430 2633 493 πρόσι·

396 518 507 569 ρον,
525 503 656 564 εἴπερ
673 501 1015 563 Ἶπποκράὶτους
1048 503 1230 564 ἀληθῶς
1259 502 1398 562 ἐσμεν
1425 506 1627 564 ζηλωταί·
1671 505 1757 551 κᾶν
1784 511 1919 552 τοῦτο
1948 509 2184 565 ποιοῖμεν,
2210 498 2352 554 onium
2377 506 2542 570 “Bm
2567 509 2627 567 pq*

380 577 762 639 παραπληώυς,
791 577 909 624 ἀλλὰ
939 584 1016 625 καὶ
1041 582 1242 636 βελτίους
1270 579 1412 626 αὐτοῦ
1441 584 1659 635 γενέσθαι
1686 582 2009 639 μανθάνοντας
2045 585 2145 640 μέν,
2175 582 2268 628 ὅσα
2294 583 2442 635 acal-k
2468 579 2629 643 ἕνοίνφ

392 650 664 714 γέγραπται,
691 653 749 697 τὰ
778 655 996 699 λείποντα
1026 655 1066 700 δ’
1096 655 1261 706 αὐτοὺς
1290 653 1642 714 ἕξευρίσκοντας.

491 821 510 856 1
537 816 638 864 ἡμῖν
656 817 738 853 ἐστὶ
761 816 836 855 AB
855 838 899 846 ·-
927 821 949 856 2
975 821 1091 867 ἔσμεν
1116 831 1189 856 om.
1216 820 1260 856 L'
1290 819 1408 865 ἐσμὲν
1433 819 1509 855 add
1550 819 1598 855 L²
1625 818 1776 864 ἀληθῶς
1801 819 1926 867 ἐσμὲν
1950 819 2151 858 PABGCr.
2168 841 2213 847 —
2239 819 2397 865 ζηλῶσαι
2428 821 2460 857 Ρ
2490 841 2526 848 -
2554 818 2628 868 κᾷν

393 884 485 926 ChK
511 907 557 914 —
581 882 705 932 τούτῳ
729 885 806 924 Ad„
832 885 918 924 ΑΡ.
2450 900 2453 904 ’

1185 1171 1829 1235 Enarratio.

1419 1313 1604 1369 Cap.I.

618 1416 772 1458 Totius
815 1415 1122 1470 disputationis
1167 1417 1278 1457 ratio
1328 1416 1649 1471 quadripartita
1691 1420 1770 1457 est.
1840 1417 1903 1457 Ac
1933 1418 2078 1471 prima
2118 1416 2298 1471 quidem
2330 1427 2455 1470 pars,
2503 1425 2622 1469 quae

393 1493 540 1548 capite
567 1491 588 1533 I
617 1492 890 1543 continetur,
921 1491 1010 1531 vim
1041 1492 1267 1532 exordii
1299 1492 1445 1532 habet.
1506 1492 1689 1532 Miratur
1720 1490 1939 1542 Galenus,
1971 1505 2050 1533 cur
2080 1491 2284 1546 permulti
2317 1490 2504 1540 medici,
2545 1490 2620 1543 qui

394 1567 713 1622 Hippocratem
745 1565 946 1617 laudent,
979 1578 1063 1607 nec
1093 1567 1340 1622 praeceptis
1371 1568 1465 1607 eius
1497 1571 1675 1606 utantur
1707 1578 1790 1607 nec
1823 1567 2067 1621 quidquam
2098 1567 2279 1608 omnino
2311 1565 2500 1616 faciant,
2530 1575 2618 1618 quo

394 1642 454 1685 ad
483 1642 663 1684 laudeni
705 1642 797 1683 eius
842 1640 1071 1696 adspirare
1114 1643 1309 1695 possint,
1358 1645 1492 1696 atque
1534 1643 1669 1683 etiam
1718 1654 1819 1695 eos,
1862 1643 1936 1696 qui
1976 1641 2097 1683 illum
2138 1644 2404 1696 sequantur,
2450 1639 2618 1694 probris

393 1721 575 1760 vexent

619 1793 888 1845 γενέσθαι
918 1788 960 1832 δ’
991 1788 1197 1846 αὐτοὺς
1236 1787 1293 1833 ἐν
1323 1788 1546 1845 ὁμοίοις
1586 1787 1804 1849 ἐκείνῳ]
1839 1791 2026 1833 Pluralis
2064 1788 2114 1834 ἕν
2144 1788 2316 1845 ὁμοίοις
2361 1789 2528 1844 aliquid
2557 1790 2619 1830 in-

392 1867 510 1910 soliti
541 1867 709 1909 habere
753 1866 926 1908 videtur
964 1877 1048 1907 nec
1090 1869 1240 1906 tamen
1280 1866 1596 1907 emenda-tione
1627 1878 1738 1920 opus
1778 1870 1857 1907 est.
1917 1864 2203 1921 Quamquam
2240 1866 2358 1907 enim
2401 1864 2618 1906 tralaticio

393 1953 521 1985 more
551 1942 736 1995 Graeci,
780 1944 828 1982 ut
855 1937 906 1983 ἕν
939 1941 1047 1999 (τῷ)
1081 1940 1191 1998 ἴσῳ,
1237 1942 1298 1982 ita
1334 1936 1384 1983 ἐν
1424 1937 1564 1998 ὁμοίῳ
1596 1938 1713 1983 εἶναι
1760 1941 1830 1983 vel
1868 1944 2110 1984 ποιεῖσθαί
2149 1956 2191 1983 τι
2222 1940 2370 1982 dicere
2399 1939 2618 1990 solebant,

394 2017 518 2061 velut
543 2017 644 2062 Hdt.
675 2015 756 2060 VII
788 2015 889 2071 138,
936 2015 1041 2058 VIII
1073 2015 1153 2060 109
1183 2016 1299 2058 med.
1349 2015 1428 2072 (cf.
1458 2016 1594 2072 Popp.
1634 2016 1690 2058 ad
1720 2016 1858 2059 Thuc.
1890 2016 1931 2058 11
1961 2016 2036 2071 53,
2065 2018 2141 2070 4),
2188 2019 2361 2068 tamen,
2407 2015 2618 2071 quoniam

391 2097 530 2137 etiam
550 2094 778 2149 pluraliter
806 2094 970 2136 dictum
1002 2097 1070 2135 est
1099 2105 1188 2134 non
1207 2092 1350 2134 solum
1382 2089 1430 2136 ἐκ
1459 2096 1548 2135 τῶν
1578 2090 1770 2147 ὁμοίων,
1802 2098 1848 2134 ut
1871 2093 1982 2135 Plat.
2013 2093 2200 2135 Rhaedr.
2232 2107 2273 2147 p.
2295 2091 2379 2136 243
2409 2092 2448 2133 D
2469 2090 2541 2147 (cf.
2562 2091 2618 2133 ad

393 2171 436 2212 h.
467 2170 496 2212 l.
527 2169 726 2223 stallo),
758 2169 837 2211 sed
869 2170 1003 2210 etiam
1042 2167 1099 2212 ἐν
1136 2172 1251 2216 τοῖς
1290 2167 1445 2218 ἴσοις
1482 2171 1575 2211 καὶ
1625 2165 1846 2223 ὁμοίοις
1880 2167 2019 2219 (Xen.
2050 2168 2163 2211 Hell.
2195 2166 2354 2221 V112,
2382 2167 2488 2222 45),
2534 2166 2619 2208 Ga·

395 2244 524 2287 lenus
572 2245 658 2287 hoc
700 2244 799 2287 loco
837 2240 888 2287 ἐν
931 2240 1126 2298 ὁμοίοις,
1174 2243 1256 2284 etsi
1286 2255 1373 2284 non
1404 2243 1582 2298 forensi,
1605 2256 1761 2296 sensu,
1802 2248 1850 2284 ut
1881 2243 1998 2298 apud
2030 2242 2400 2297 Xenophontem,
2454 2241 2617 2284 dictum

394 2320 567 2362 audere
596 2320 736 2373 potuit
765 2331 912 2373 eoque
940 2320 1097 2372 magis,
1131 2330 1187 2359 ne
1217 2318 1396 2359 auribus
1426 2318 1648 2359 accideret
1677 2319 2022 2371 ingratissimum
2056 2318 2163 2360 illud
2194 2315 2245 2361 ἐν
2274 2315 2417 2374 ὁμοίῳ
2449 2313 2618 2373 ἐκείνῳ.

622 2391 685 2438 οὗ
724 2392 958 2450 σμικρὰν
995 2397 1199 2449 μοῖραν
1229 2390 1309 2442 εἷς
1344 2390 1604 2448 ἰατρικήν
1644 2407 1785 2448 φησι
1827 2392 2257 2452 συμβάλλεσθαι
2283 2391 2381 2448 τὴν
2410 2388 2618 2447 οἶστρο-

394 2471 622 2525 νομίαν]
656 2468 910 2525 Hippocr.
944 2469 1008 2510 de
1039 2471 1192 2522 aere,
1224 2469 1383 2523 aquis
1415 2472 1466 2509 et
1497 2468 1591 2510 loc.
1624 2467 1664 2519 1,
1695 2469 1735 2511 7.
1765 2468 1793 2511 8
1825 2468 1936 2523 (vol.
1970 2469 2008 2523 Ι,
2043 2468 2122 2512 143
2161 2468 2231 2510 ed.
2262 2468 2409 2519 Erm.,
2441 2466 2528 2508 vol.
2557 2464 2615 2520 11,

394 2547 449 2589 14
477 2546 547 2588 ed.
576 2545 722 2601 Littr.)
751 2545 896 2600 μάθοι
925 2544 984 2587 ἂν
1013 2543 1083 2588 ὅτι
1114 2542 1211 2588 οὐκ
1240 2540 1543 2597 ἐλάχιστον
1571 2546 1743 2600 μέρος
1772 2544 2153 2599 ξυμβάλλεται
2182 2542 2536 2600 ἀστρονομίη
2565 2538 2619 2592 ἐς

388 2619 658 2678 ἰητρικήν,
696 2617 831 2664 ἀλλὰ
870 2619 993 2663 πάνυ
1022 2620 1246 2662 πλεῖστον·
1287 2617 1382 2672 ἅμα
1423 2619 1508 2674 γὰρ
1538 2623 1671 2678 τῇσιν
1701 2619 1839 2677 ὥρῃσι
1875 2623 1952 2663 καὶ
1979 2620 2028 2663 αἶ
2056 2621 2224 2664 κοιλίαι
2255 2619 2352 2674 [καὶ
2380 2616 2430 2661 αῖ
2459 2616 2612 2670 νόσοι]

389 2695 722 2751 μεταβάλλουσι
749 2699 898 2738 τοῖσιν
926 2692 1259 2751 ἀνθρώποισιν.
1306 2694 1402 2736 Hoc
1432 2695 1532 2736 loco
1565 2695 1753 2750 aliisque
1772 2695 1826 2737 H.
1857 2696 2039 2738 medicis
2066 2694 2294 2750 praecipit,
2325 2698 2373 2735 ut
2397 2696 2618 2735 astrorum

386 2776 514 2814 ortus
544 2775 589 2813 et
625 2771 772 2813 obitus
801 2771 1034 2824 diligenter
1071 2771 1310 2811 observent
1342 2773 1750 2825 tempestatumque
1783 2771 2110 2813 moderationes
2140 2774 2185 2812 et
2214 2769 2533 2825 conversiones
2563 2768 2636 2833 si·-

390 2847 484 2890 mul
512 2860 614 2889 cum
645 2848 696 2888 iis
726 2850 866 2898 ortas,
899 2847 1000 2888 hinc
1030 2848 1147 2887 enim
1180 2846 1236 2887 ab
1267 2846 1317 2887 iis
1349 2845 1496 2898 colligi
1526 2858 1683 2899 posse,
1721 2846 1862 2900 qualis
1894 2847 2170 2901 tempestatis
2199 2846 2405 2900 proximo
2436 2855 2619 2898 quoque

387 2924 496 2964 anni
526 2927 727 2979 tempore
756 2925 896 2963 status
927 2923 1096 2962 futurus
1127 2922 1205 2972 sit,
1236 2921 1414 2962 saluber
1442 2921 1699 2975 corporibus
1722 2921 1950 2963 hominum
1983 2934 2041 2963 an
2068 2921 2262 2975 pestifer,
2293 2933 2347 2963 ac
2380 2918 2619 2975 provideri,

384 3009 506 3053 quae
537 3001 805 3052 temporum·
828 2997 942 3039 ratio
985 3000 1178 3039 moneat.
1239 2995 1532 3051 lupi-imisque
1574 2995 1843 3049 Caniculae,
1889 2997 2084 3049 Arcturi,
2122 2995 2352 3038 Pleiadum
2393 2997 2519 3038 ortus
2548 3005 2620 3036 oc-

2801 719 2891 849 Ὢ
