2891 3624
199 488 205 497 '
313 499 315 502 “
337 491 519 552 &uncr-
558 496 663 553 Sed,
693 499 816 555 quod
844 450 964 542 idem
995 500 1205 542 coniecit:
1233 497 1350 556 μηδ’
1380 497 1431 543 εἰ
1454 498 1691 557 νιτρώδεσι
1718 497 1834 557 μηδ’
1863 498 1916 544 εἰ
1942 501 2324 560 στυπτηριιιδεσιν
2351 513 2430 558 pro
2455 457 2566 558 μήτε

298 571 387 614 ’ν
400 570 526 629 μήτε
547 584 708 617 nm.
697 604 734 625 .,
777 585 868 617 non
898 575 1122 633 potuimus
1153 586 1242 617 non
1275 575 1483 631 amplecti
1514 581 1827 631 comparantes
1856 576 2013 618 neth.
2050 576 2184 619 med.
2213 577 2300 620 vol.
2331 576 2397 631 X,
2433 576 2562 632 11.ss

318 647 597 691 'mmcd-t
627 645 745 693 οὔδ’
773 647 828 693 εἰ
849 649 906 694 τὸ
928 650 1114 706 βλέπειν
1136 650 1258 694 εἴποι
1286 667 1352 701 τις
1381 649 1514 709 ἔργον
1542 649 1659 694 εἶναι
1687 654 1778 694 τῶν
1800 648 2054 708 ὀφθαλμῶν
2083 648 2193 696 οὔδ’
2222 650 2275 695 εἰ
2296 650 2377 709 τήν
2397 652 2566 708 βλέψιν

299 758 308 769 s
336 706 458 766 οὔδ’
487 720 542 766 εἶ
563 738 646 781 την
673 723 841 781 ὅψιν“
816 741 842 782 η
874 723 1090 784 ὅρασιν”
1064 743 1090 782 η
1122 726 1245 777 ὅπως
1273 725 1332 770 ἂν
1359 727 1503 777 ἄλλως
1533 723 1756 786 ὀνομάσῃ,
1794 727 2019 785 διαφέρει,
2047 727 2149 770 ibid
2181 742 2224 783 Ρ.
2245 727 2325 772 101
2348 739 2390 770 a.
2421 727 2561 770 med..

337 794 474 842 οὐδὲ
502 786 603 857 γάρ
628 797 675 843 εἰ
697 800 825 859 παρὰ
855 800 1000 858 φύσιν
1039 800 1168 855 ὄγκος
1197 799 1307 846 οὐδ’
1337 801 1388 845 εἰ
1413 800 1654 853 ἀντίτυπος
1690 800 1802 846 οὐδ’
1830 800 1883 846 ει
1907 799 2123 861 ὀδυνηρὸς
2153 801 2263 847 οὔδ’
2292 801 2346 846 εἰ
2369 800 2563 860 ἐρυθρὸς

336 887 377 916 κ.
403 888 442 916 τ.
471 873 511 918 λ.
541 872 850 919 comment.
889 876 956 919 ad
987 876 1140 932 Hipp.
1173 877 1241 920 de
1270 881 1366 920 rat.
1403 879 1524 921 vict.
1572 880 1623 920 in
1654 879 1814 921 morb.
1862 891 1938 921 ac.
1969 879 2055 922 vol.
2085 878 2191 933 XV,
2235 893 2277 936 p.
2306 879 2391 923 434
2421 879 2558 921 med.:

310 946 470 993 ’,οὔτε
506 948 594 1007 γάρ
637 948 693 993 εἰ
723 951 933 1007 γεννητὸς
970 949 994 995 ὁ
1038 951 1206 1006 κόσμος
1252 950 1360 996 οὔτ’
1400 951 1450 995 εἰ
1479 954 1688 1009 φθαρτὸς
1727 951 1834 1015 οὔτ’
1879 952 1933 997 εἰ
1963 954 2020 1010 μὴ
2059 953 2189 997 κενόν
2223 951 2349 998 ἐστιν
2385 951 2562 1005 ἔξωθεν

334 1019 480 1068 aito&
509 1021 620 1068 οὔτ’
650 1022 705 1068 εἰ
727 1024 916 1085 ἄπειρος
945 1024 1057 1070 οὔτ’
1088 1025 1141 1070 εἰ
1164 1027 1302 1083 μόνος
1331 1026 1461 1078 οὗτος
1493 1027 1555 1079 εἶς
1584 1025 1707 1072 ἐστιν
1737 1025 1846 1072 οὔτ’
1878 1027 1933 1072 εἰ
1954 1029 2208 1080 πλείους-
2238 1026 2343 1073 οὔτ’
2373 1026 2426 1072 εἴ
2448 1029 2559 1085 πλῆ-

305 1091 423 1150 ”θος
451 1096 761 1158 ἀπερίληπτον
789 1100 815 1157 ἢ
846 1101 1041 1160 ἄπειρον
1070 1100 1234 1157 αὐτῶν,
1267 1100 1451 1160 ἕναργεῒ
1474 1108 1689 1162 τεκμηρίῳ
1719 1100 1975 1161 χρήσασθαι
2005 1104 2211 1148 δυνατόν.

560 1177 930 1233 σωφροσύνης
959 1176 1056 1222 οὖν
1085 1176 1265 1235 φίλος]
1301 1177 1382 1222 οὖν
1411 1181 1563 1234 scripsi
1599 1192 1679 1235 pro
1708 1183 1840 1233 γοῦν,
1887 1180 2004 1235 quod
2036 1181 2248 1235 quoniam
2279 1185 2355 1221 aut
2384 1180 2557 1221 restrin-

335 1250 480 1304 gentis
501 1252 772 1293 sententiam
792 1254 868 1304 (cf.
889 1267 930 1308 Ρ.
951 1254 1017 1297 15.
1035 1253 1088 1297 13
1104 1269 1112 1295 :
1131 1253 1319 1309 ἄμεινον
1348 1254 1398 1296 δὲ
1417 1258 1497 1297 νῦν
1513 1259 1623 1307 γοῦν
1641 1254 1996 1311 σωφρονήσαντα
2025 1272 2062 1297 κ.
2091 1271 2129 1298 τ.
2157 1256 2220 1305 λ.)
2256 1258 2333 1296 aut
2350 1254 2559 1309 exemplo

336 1328 641 1372 confirmantis
675 1329 756 1380 (cf.
786 1341 826 1385 p.
862 1329 936 1381 12,
965 1329 1041 1372 14:
1079 1329 1135 1371 τὰ
1165 1333 1276 1383 γοῦν
1305 1326 1383 1385 ὖφ.
1406 1326 1450 1372 ‘L
1482 1347 1519 1372 κ.
1550 1346 1587 1372 τ.
1616 1330 1677 1385 λ.)
1720 1334 1809 1383 est,
1839 1342 1927 1372 non
1959 1330 2348 1373 accommodatum
2384 1330 2558 1371 videtur

332 1402 438 1447 huic
465 1404 585 1458 loce,
616 1405 692 1447 ubi
720 1406 833 1447 ratio
865 1417 923 1447 ex
953 1405 1318 1448 antecedentibus
1351 1405 1637 1449 concluditur.

557 1477 663 1523 άσκ
678 1484 760 1523 εῒν
803 1479 916 1538 χρή]
947 1479 1027 1537 χρή
1069 1482 1113 1522 in
1156 1481 1282 1523 codd.
1324 1481 1422 1523 edd.
1464 1483 1674 1523 omissum
1716 1486 1837 1523 recte
1876 1481 2043 1524 Comes
2083 1483 2280 1523 inseruit.
2337 1481 2453 1523 Nam
2489 1481 2556 1534 G„

333 1565 454 1610 quae
482 1554 631 1598 facere
661 1555 882 1598 medicum
907 1555 1014 1609 vult,
1045 1567 1101 1597 ca
1131 1563 1207 1597 aut
1236 1569 1315 1612 per
1340 1557 1554 1598 Futurum
1581 1554 1887 1614 (ὑπερόψεται
1916 1580 1972 1585 -
2001 1556 2178 1600 ἰάσεται
2208 1581 2259 1586 —-
2292 1554 2557 1612 ἀπολείψει)

331 1632 413 1672 aut
441 1641 522 1684 per
555 1628 664 1686 χρή,
700 1627 898 1686 ἀνάγκη,
941 1630 1162 1687 προσήκει
1191 1632 1368 1673 indicat.
1427 1632 1656 1673 Eiusmodi
1698 1632 1883 1673 verbum
1915 1633 1972 1674 ad
2002 1633 2045 1678 h,
2077 1633 2103 1673 l.
2152 1633 2422 1686 cogitatione
2457 1635 2557 1672 tan-

260 1711 269 1717 ”
330 1705 565 1748 tnmmodo
595 1716 827 1748 assumere
858 1709 1010 1748 vetant
1039 1710 1083 1749 et
1113 1719 1192 1758 ea,
1225 1720 1342 1762 quae
1371 1708 1575 1762 proxime
1607 1707 1899 1761 antecedunt,
1931 1711 1974 1750 et
2004 1719 2137 1760 nova,
2169 1718 2285 1762 quae
2316 1719 2343 1748 a
2371 1708 2447 1749 καὶ
2473 1706 2557 1761 μὲν

334 1779 391 1838 δὴ
420 1783 500 1824 καί
530 1781 703 1836 incipit,
733 1777 968 1824 sententie.

557 1853 815 1907 ἔνδειξίν
859 1872 989 1900 τινα
1033 1855 1305 1914 ἰαμάτων]
1355 1857 1543 1908 ἔνδειξις
1587 1857 1691 1914 quid
1731 1859 1807 1909 sit,
1853 1860 1948 1913 ipse
1994 1858 2146 1900 definit
2183 1858 2240 1900 de
2269 1857 2383 1913 opt.
2413 1859 2555 1900 Sect.

330 1933 418 1976 vol.
447 1931 482 1986 Ι,
511 1946 553 1988 p.
571 1931 678 1976 131:
708 1929 808 1976 ἐστι
835 1935 990 1976 τοίνυν
1018 1930 1206 1985 ἔνδειξις
1234 1931 1259 1988 ἦ
1284 1936 1728 1991 συμπροσπίπτουσα
1757 1933 2010 1991 κατάληψις
2038 1937 2118 1977 τοῦ
2150 1930 2433 1990 ὠφελοῦντος
2461 1931 2556 1988 ἅμα

331 2011 385 2069 τῇ
419 2010 500 2052 τοῦ
527 2007 810 2063 βλάπτοντος
850 2008 1104 2064 καταλήψει
1133 2008 1242 2052 ἄνευ
1282 2009 1504 2067 τηρήσεως
1546 2008 1571 2064 ἢ
1600 2010 1820 2064 λογισμοῦ
1848 2033 1902 2039 -
1932 2008 1957 2065 ἢ
2007 2008 2160 2059 οὕτως·
2197 2006 2383 2059 ἔνδειξίς
2420 2004 2557 2062 ἐστιν,

331 2081 462 2129 ὅταν.
479 2083 959 2139 καταλαμβανομένοις
996 2084 1230 2143 πράγμασι
1269 2088 1625 2144 συμπροσπίπτῃ
1669 2085 1720 2128 τὸ
1756 2087 1987 2143 συμφέρον
2026 2085 2136 2128 ἄνευ
2176 2082 2454 2135 ἀποδείξεως
2481 2085 2557 2125 καὶ

329 2158 693 2218 παρατηρήσεως.
752 2158 865 2202 Cum
896 2161 942 2201 in
974 2160 1047 2202 illo
1077 2160 1188 2202 libro
1222 2167 1314 2202 tum
1344 2162 1388 2202 in
1419 2161 1539 2203 libris
1572 2147 1629 2202 de
1657 2160 1792 2203 Meth.
1823 2162 1962 2203 fusius
1993 2161 2079 2202 hac
2108 2161 2165 2202 de
2194 2173 2243 2202 re
2272 2161 2477 2215 disputat.

555 2233 581 2293 ἥ
611 2235 654 2281 δ’
685 2235 824 2295 αὐτὴ
854 2236 1138 2295 μέθοδος]
1196 2236 1320 2279 Bene
1348 2235 1570 2278 Prantlius
1603 2236 1897 2291 (Geschichte
1927 2237 2007 2278 der
2033 2236 2176 2291 Logik
2205 2234 2240 2288 I,
2270 2234 2400 2291 560:
2444 2234 2555 2276 ‘GaL

328 2312 444 2354 sieht
484 2313 528 2354 in
576 2313 657 2356 der
687 2314 826 2369 Logik
864 2328 950 2356 nur
992 2315 1094 2356 cine
1123 2313 1378 2355 dienstbare
1407 2312 1635 2354 Methodik
1681 2325 1783 2353 zum
1812 2311 1981 2354 Behufe
2025 2312 2105 2353 der
2144 2311 2330 2366 iibrigen
2360 2311 2555 2352 Wissen-

328 2387 556 2442 sebasten,
586 2389 759 2432 welche
785 2390 830 2431 in
860 2390 1011 2445 Bezug
1040 2389 1121 2431 auf
1145 2389 1232 2430 alle
1260 2388 1495 2430 Probleme
1524 2387 1614 2429 und
1645 2387 1965 2441 Gegenstiinde
1995 2386 2073 2428 des
2102 2385 2553 2429 wissenschaftlichen

326 2461 530 2506 Suchens
560 2464 646 2507 den
678 2463 796 2520 Weg
833 2465 972 2507 bahnt
1000 2464 1092 2506 und
1134 2463 1199 2505 als
1230 2463 1639 2505 Beweisverfahren
1684 2476 1785 2504 zum
1815 2461 1987 2505 Wisscn
2037 2461 2174 2514 ftihrt'.
2232 2461 2328 2504 Nec
2357 2461 2552 2504 alienum

328 2539 412 2581 erit
441 2538 603 2582 afferre
619 2538 715 2582 Gal.
746 2540 804 2583 de
832 2540 951 2583 Loc.
983 2540 1071 2581 aff.
1104 2539 1188 2582 vol.
1211 2537 1330 2591 VIII,
1361 2552 1402 2593 p.
1420 2537 1523 2582 138:
1553 2537 1707 2592 λογικὰ
1738 2537 1823 2596 γάρ
1848 2536 1986 2588 ὅντως
2014 2533 2149 2590 ἐστίν,
2180 2534 2270 2581 ὅσα
2299 2539 2373 2593 τῆς
2402 2538 2554 2594 χρείας

325 2609 539 2657 ἐπέκεινα
575 2614 889 2673 προερχόμενα
918 2615 999 2671 τήν
1040 2614 1179 2671 φύσιν
1207 2612 1350 2670 α’θρεῖ
1380 2618 1470 2656 τῶν
1498 2613 1801 2671 πραγμάτων,
1839 2609 1979 2656 ὁποία
2015 2628 2082 2663 τις
2109 2609 2303 2670 ὑπάρχει
2330 2611 2445 2654 κατὰ
2473 2610 2554 2667 τὴν

328 2686 502 2732 οἰκείαν
531 2687 709 2733 οὐσίαν.

554 2761 618 2809 ἐκ
652 2769 760 2808 τῶν
794 2764 1025 2820 πρώτων
1066 2767 1369 2818 στοιχείων
1397 2788 1453 2795 —-
1485 2761 1805 2820 ὀργανικῶν
1846 2761 2060 2820 μερῶν.]
2119 2762 2249 2805 Hanc
2289 2761 2450 2804 Galeni
2495 2760 2553 2803 de

326 2841 526 2896 corporis
557 2841 741 2883 humani
771 2842 1093 2896 compositione
1123 2841 1369 2882 doctrinam
1402 2853 1502 2882 cum
1537 2840 1629 2893 alii,
1670 2844 1763 2880 tum
1794 2839 1838 2880 hi
1868 2838 1955 2881 loci
1983 2838 2221 2881 illustrant:
2253 2837 2435 2881 Comm
2449 2839 2551 2880 ent.

327 2915 381 2958 in
411 2914 589 2972 Hippo
602 2930 673 2961 cr.
704 2916 772 2960 de
800 2917 1005 2959 humor.
1036 2915 1123 2959 vol.
1141 2914 1261 2970 XVI,
1292 2929 1333 2972 p.
1356 2915 1429 2960 33:
1461 2912 1744 2972 ὡμολόγηται
1772 2914 1924 2958 πάντα
1954 2914 2010 2957 τὰ
2042 2913 2233 2970 σώματα
2262 2909 2312 2958 ἐκ
2327 2911 2552 2969 τεττάρων

324 2993 463 3035 τινὸν
505 2995 649 3045 γενῦν
689 2995 977 3049 συμπαγῆναι
1008 3017 1076 3044 -,
1106 2990 1223 3049 ἅπερ
1255 2996 1457 3046 στοιχεῖα
1494 2990 1661 3040 πάντες
1698 2988 1997 3046 ὀνομάζουσιν
2025 3015 2081 3022 -
2098 3023 2112 3042 ,
2158 2987 2208 3034 ἐκ
2248 2993 2351 3046 γῆς,
2393 2986 2551 3046 πυρός,

325 3064 495 3116 ὓδατος
521 3069 600 3109 καὶ
624 3065 786 3125 άέροςς
826 3068 930 3110 ibid.
960 3081 1001 3122 p.
1031 3067 1105 3111 25:
1142 3067 1200 3122 μὴ
1232 3066 1349 3122 (νόει
1378 3066 1448 3121 δὲ)
1477 3067 1533 3108 τὰ
1566 3066 1750 3121 σώματα
1779 3062 1829 3109 ἐκ
1857 3069 1947 3108 τῶν
1977 3069 2212 3120 στοιχείων
2241 3062 2396 3115 ἅπλῶς
2423 3078 2551 3117 γεγο-
