2891 3624
188 401 197 421 μ.
309 432 337 476 1
390 429 556 481 'offla
582 435 643 487 y&
669 448 744 477 τοι
765 432 876 484 τοὺς
895 431 1115 491 ἀθλητάς
1153 433 1178 490 ἢ
1215 435 1294 478 διὰ
1322 435 1402 492 τὴν
1429 440 1510 480 τοῦ
1541 431 1755 491 σώματος
1783 411 1961 491 ἀφυΐαν
1989 433 2015 491 ἢ
2053 434 2144 479 διὰ·
2165 435 2248 493 τὴν
2271 436 2355 493 τῆς
2379 434 2631 501 ἀαῆσευς

1464 281 1534 337 12

383 494 608 564 ,ἦμέλεισν
643 505 820 566 ὖρδμεν
858 506 1256 565 ἀποτυγχάνοντας
1292 514 1374 555 τοῦ
1411 512 1578 562 τέλους·
1617 509 1706 570 ὅτῳ
1749 507 1791 554 δ’
1822 507 1881 554 ἂν
1909 512 1993 553 καὶ·
2021 506 2044 566 ἢ
2091 513 2172 554 τοῦ
2220 510 2430 567 στόματος
2471 510 2613 569 φύσις

290 564 297 571 ὁ
358 583 371 590 “
388 580 619 637 &dumne
645 581 672 642 ᾖ
701 587 781 628 καὶ
808 584 867 628 τὰ
895 588 972 641 τῆς
999 583 1231 640 ἀσκήσεως
1261 585 1491 641 ἄμεμπτα,
1518 590 1584 637 τίς
1611 586 1785 643 μηχανὴ
1815 586 1873 642 μὴ
1904 583 1957 630 οὖ
1987 585 2182 637 πολλοὺς
2203 583 2453 632 ἀνελέσθαι
2478 586 2613 633 τόνδε

391 658 669 716 στεφανίτας
704 656 910 714 ἀγόναςς
948 657 1020 718 ἆρ’
1057 658 1140 705 οὖν
1180 657 1231 705 ἕν
1260 659 1537 719 ἀμφοτέροις
1568 660 1612 706 οῖ
1649 664 1732 705 νῦν
1760 659 1909 718 ἰατροὶ
1944 660 2241 716 δυστυχοῦσιν
2271 660 2378 706 οὔτε
2418 661 2614 718 δύναμιν

348 775 353 780 .
387 733 495 780 οὔτε
508 733 728 793 βούλησιν
744 732 987 790 ἀξιόλογον
1004 733 1328 793 ἐπιφερόμενοι
1340 739 1444 792 περὶ
1460 736 1540 792 τὴν
1567 740 1642 790 τῆς
1663 739 1819 791 τέχνης
1842 737 2033 791 ἄσκησιν
2061 735 2086 791 ἢ
2115 737 2166 780 τὸ
2183 737 2267 792 μὲν
2285 734 2441 794 ἕτερον
2457 733 2612 787 αὐτοῖς

386 805 598 868 ὑπάρχει,
613 811 816 868 θατέρου
829 807 873 854 δ’
891 808 1239 864 ἀπολείπονταις
1259 811 1310 854 τὸ
1329 812 1413 867 μὲν
1428 810 1482 867 δὴ
1505 810 1675 867 μηδένα
1686 810 1893 867 φύεσθαι
1911 810 2104 867 δύναμιν
2123 809 2286 866 ἔχοντα
2301 810 2499 868 ψυχικὴν
2513 809 2610 854 ἵκα-

386 882 468 941 νὴν
496 883 843 937 καταδέξασθαι
869 887 1028 943 τέχνην
1058 884 1176 931 οὕτω
1207 886 1540 944 φιλάνθρωπον
1571 884 1625 930 οὔ
1653 901 1730 941 μοι
1746 885 1874 930 δοκεῖ
1897 885 2032 940 λόγον
2061 884 2182 941 ἔχειν
2205 883 2364 942 ὁμοίου
2380 901 2432 941 γε
2459 885 2512 943 δὴ
2529 889 2610 931 τοῦ

385 957 555 1015 κόσμου
584 962 663 1020 καὶ
687 957 779 1004 τότ’
812 959 941 1012 ὄντος
977 964 1054 1005 καὶ
1083 964 1164 1005 νῦν
1200 964 1277 1005 καὶ
1303 961 1411 1018 μήτε
1440 964 1530 1004 τῶν
1559 958 1687 1019 ὡρῶν
1725 964 1799 1013 τῆς
1827 959 1996 1012 τάξεως
2026 958 2365 1018 ὕπηλλαγμένης
2398 962 2509 1020 μήτε
2535 966 2611 1018 τῆς

384 1031 566 1091 ἡλιακῆς
595 1034 815 1091 περιόδου
837 1039 1278 1095 μετακεκοσμημένης
1305 1034 1402 1093 μήτ’
1421 1037 1560 1080 ἄλλου
1590 1037 1712 1087 τινὸς
1734 1035 1922 1093 ἀστέρος
1950 1034 2226 1093 ἢάπλανοῦς
2255 1036 2280 1092 ἢ
2309 1038 2609 1093 πλανωμένου

277 1115 335 1161 10
382 1109 638 1167 μεταβολήν
664 1126 768 1155 τινα
783 1109 1032 1169 ἐσχηκότος·
1060 1111 1248 1166 εὔλογον
1277 1112 1328 1155 δὲ
1350 1112 1426 1155 διὰ
1452 1112 1690 1169 μοχθηράν
1708 1111 1897 1170 τροφήν,
1926 1110 1981 1168 ἢν
1999 1111 2042 1155 οἱ
2064 1116 2146 1155 νῦν
2161 1112 2403 1170 ἄνθρωποι
2417 1115 2610 1171 τρέφον-

243 1195 299 1240 ⁸⁷
328 1195 360 1241 Κ
382 1201 473 1241 ται,
504 1188 581 1230 καὶ
609 1185 688 1230 διὰ
708 1187 761 1231 τό
782 1187 863 1232 τὸν
887 1188 893 1244 Ι
919 1189 1118 1233 πλοῦτον
1132 1187 1291 1246 ἀρετῆς
1320 1186 1437 1231 εἶναι
1455 1189 1720 1245 τιμιώτερον
1743 1186 1845 1232 οὔθ’
1866 1186 1962 1239 οἶος
1984 1187 2169 1238 Φειδίας
2183 1185 2234 1232 ἐν
2263 1188 2488 1240 πλάσταις
2507 1187 2609 1232 οὔθ’

275 1487 330 1534 15

384 1260 480 1314 οἷος
504 1260 716 1320 Ἀπελλῆς
745 1259 796 1307 ἐν
818 1267 1068 1322 γραφεῦσιν
1097 1261 1198 1308 οὔθ’
1230 1263 1325 1315 οἶος
1348 1261 1642 1321 Ἱπποκράτης
1672 1260 1722 1307 ἐν
1751 1262 1920 1319 ἰατροῖς
1949 1262 2014 1307 ἔτι
2049 1266 2289 1317 γίγνεσθαί
2313 1279 2430 1307 τινα.
2461 1267 2609 1307 καίτοι

381 1336 434 1383 τό
462 1336 500 1393 γ’
530 1339 736 1395 ὑπέροις
763 1344 854 1383 τῶν
881 1341 1093 1384 παλαιῶν
1122 1337 1226 1396 ἡμῖν
1255 1343 1488 1394 γεγονέναι
1516 1343 1592 1383 καὶ
1626 1340 1723 1393 [τὸ]
1757 1340 1838 1390 τάς
1866 1342 2026 1394 τέχνας
2060 1336 2135 1383 ὑπ’
2168 1336 2351 1383 ἐκείνων
2380 1337 2458 1384 ἐπὶ
2484 1341 2609 1384 πλεῖ-

383 1427 496 1458 στον
524 1416 809 1471 προηγμένας
823 1414 1200 1473 παραλαμβάνειν
1230 1413 1282 1459 οῦ
1315 1415 1505 1471 σμικρὸν
1533 1414 1587 1471 ἦν
1608 1417 1927 1471 πλεονέκτημα.
1958 1414 2015 1457 τὰ
2044 1419 2154 1468 γοῦν
2183 1413 2261 1472 ὑφ’
2286 1412 2610 1471 Ἱπποκράτους

383 1485 607 1547 εὑρημένα
636 1488 783 1549 χρόνῳ
812 1489 1065 1549 παμπόλλῳ
1099 1487 1271 1550 ῥᾷστον
1303 1489 1356 1549 ἦν
1386 1487 1436 1534 ἕν
1466 1488 1703 1544 ὀλιγίστοις
1732 1488 1878 1534 ἔτεσιν
1907 1487 2167 1545 ἐκμαθόντα
2196 1494 2258 1549 τῷ
2288 1491 2432 1549 λοιπῷ
2462 1489 2608 1550 χρόνῳ

371 1554 465 1609 ν«τοῦ
492 1567 595 1618 βίου
624 1564 738 1622 πρὸς
766 1565 848 1621 τὴν
875 1569 965 1609 τῶν
994 1566 1246 1610 λειπόντων
1275 1565 1456 1622 εὕρεσιν
1484 1566 1879 1621 καταχρήσασθαι.
1912 1563 2006 1609 ἀλλ’
2039 1563 2121 1608 οὐκ
2152 1562 2383 1619 ἐνδέχεται
2410 1566 2610 1609 πλοῦτον

385 1636 546 1697 ἀρετῆς
572 1638 838 1699 τιμιώτερον
865 1637 1158 1697 ὑποθέμενον
1195 1643 1270 1685 καὶ
1298 1641 1377 1697 τὴν
1405 1643 1562 1698 τέχνην
1592 1638 1673 1686 οὐκ
1703 1638 1959 1699 εὐεργεσίας
1988 1638 2251 1698 ἀνθρώπων
2281 1637 2456 1693 ἕνεκεν,
2493 1638 2609 1685 ἀλλὰ

382 1718 692 1774 χρηματισμοῦ
739 1716 954 1772 μαθόντα
997 1720 1078 1762 τοῦ
1123 1718 1279 1768 τέλους
1322 1722 1402 1762 τοῦ
1451 1715 1544 1761 κατ’
1592 1715 1732 1774 αὐτὴν
1767 1713 1987 1773 ἐφίεσθαι
2038 1715 2302 1773 [φθάσουσι
2341 1715 2427 1775 γάρ
2466 1714 2612 1776 ἕτεροι

382 1791 651 1847 πλουτῆσαι,
680 1795 790 1849 πρὶν
825 1789 940 1848 ἡμᾶς
969 1790 1046 1837 ἐπὶ
1082 1793 1134 1836 τὸ
1163 1794 1288 1843 τέλος
1332 1792 1467 1849 αὐτῆς
1497 1790 1773 1846 ἐξικέσθαι].
1814 1790 1867 1835 οὔ
1897 1792 1981 1849 γάρ
2012 1791 2065 1847 δὴ
2090 1791 2287 1836 δυνατὸν
2314 1790 2410 1848 ἅμα
2440 1808 2610 1848 χρημα-

382 1867 599 1918 τίζεσθαί
633 1882 684 1911 τε
721 1871 798 1911 καὶ
833 1866 951 1912 οὕτω
980 1868 1176 1925 μεγάλην
1205 1866 1424 1913 ἐπασκεῖν
1460 1870 1640 1924 τέχνην,
1686 1865 1780 1912 ἀλλ’
1815 1865 1985 1923 ἀνάγκη
2024 1870 2374 1924 καταφρονῆσαι
2410 1869 2611 1926 θατέρου

476 2058 500 2095 2
525 2053 624 2092 οὕτω
663 2054 699 2091 δ’
728 2052 954 2092 LPABChK
982 2048 1028 2092 οὗ
1056 2055 1090 2090 δ’
1130 2056 1194 2092 vel
1218 2052 1299 2091 ὥτω
1338 2054 1373 2090 δ’
1413 2055 1458 2101 (i.
1491 2066 1522 2092 e.
1562 2052 1652 2100 ὅτῳ)
1682 2054 1791 2092 Corn.
1818 2051 1893 2099 ὅτῳ
1926 2053 1961 2089 δ’
2003 2053 2102 2090 Scal.
2130 2053 2176 2090 G.
2202 2054 2331 2091 Willet
2370 2054 2436 2100 (ad
2476 2053 2609 2091 Galen.

379 2122 674 2173 Προτρεπτικόν
699 2123 761 2162 ed.
787 2125 882 2162 1812
906 2135 943 2170 p.
964 2125 1052 2168 106;
1078 2123 1127 2161 ef.
1156 2124 1344 2161 Greenhill
1371 2125 1410 2160 in
1434 2123 1634 2161 Henschel.
1659 2124 1746 2160 Jan.
1775 2124 1803 2167 1,
1830 2124 1922 2168 626)
1952 2122 2011 2159 Cr.
2029 2122 2170 2159 Caesar
2198 2123 2268 2169 (cf.
2296 2122 2438 2170 Saupp.
2462 2124 2501 2160 in
2527 2122 2607 2160 Ind.

379 2192 513 2231 Philol.
537 2193 602 2238 111,
627 2193 722 2240 401)
752 2213 797 2219 —
824 2193 846 2230 3
873 2194 929 2232 τὶς
952 2191 1104 2240 μηχανὴ
1130 2191 1202 2228 ΑΒ
1230 2211 1274 2218 —-
1300 2190 1352 2240 μὴ
1380 2196 1468 2229 ante
1494 2191 1539 2228 οὐ
1570 2203 1642 2229 om.
1668 2191 1698 2227 P
1727 2213 1769 2219 -
1799 2190 1927 2226 πολλῶ
1954 2190 2053 2227 LPA
2087 2191 2217 2236 πολλῷ
2242 2190 2403 2229 BGchK
2428 2189 2611 2232 πολλάκις

378 2261 659 2308 Dal-umberga:
684 2259 851 2301 πολλοὺς
875 2260 974 2297 Scal.
998 2260 1128 2297 Willet
1155 2261 1193 2306 (1.
1220 2261 1266 2307 1.)
1295 2261 1354 2298 Cr.
1380 2260 1569 2306 Sauppius
1599 2261 1643 2306 (l.
1670 2260 1714 2306 l.)
1745 2280 1790 2285 —
1817 2260 1839 2295 4
1867 2264 2098 2306 στεφανίτην
2123 2260 2152 2295 Ρ
2177 2280 2222 2285 -
2249 2260 2271 2295 6
2297 2259 2410 2295 τοῦτο
2433 2260 2508 2307 μὲν
2531 2259 2609 2296 Ad.

378 2329 420 2368 τὸ
445 2330 522 2379 μὲν
546 2332 635 2367 cett,
663 2348 708 2355 —
760 2326 900 2376 ἐχόντα
932 2326 1003 2364 ΡΑ
1032 2349 1076 2355 -
1117 2331 1138 2366 7
1165 2328 1304 2376 ὁμοίου
1340 2328 1415 2376 γὰρ
1452 2329 1520 2364 τοῦ
1545 2326 1747 2364 ABGChK
1780 2327 1921 2374 ὁμοίου
1950 2324 1999 2372 δὴ
2026 2328 2093 2363 τοῦ
2118 2328 2163 2363 L¹
2207 2327 2240 2364 ὁ.
2273 2325 2347 2374 γὰρ
2387 2325 2434 2371 δὴ
2468 2327 2536 2363 τοῦ
2560 2327 2610 2363 L²

377 2398 580 2446 ὁμοίουγε
597 2396 666 2432 τοῦ
692 2396 751 2433 Cr.
779 2396 813 2433 ὁ.
845 2408 890 2442 γε
916 2395 964 2441 δὴ
991 2396 1060 2431 τοῦ
1083 2396 1268 2433 PScaL—
1296 2398 1319 2434 8
1347 2395 1438 2432 ὄντα
1463 2398 1493 2433 Ρ
1510 2418 1557 2424 -
1583 2396 1852 2443 ὑπηλλαγμένη
1877 2396 1907 2430 Ρ
1933 2416 1979 2421 -
2010 2398 2032 2433 9
2050 2395 2200 2440 ἡλι-κῆς
2220 2396 2307 2444 (sic)
2337 2395 2424 2431 Ρ-
2442 2395 2608 2441 ἀστέρου

375 2465 506 2503 AB—
535 2467 580 2502 10
605 2468 646 2501 οἱ
669 2468 757 2501 ante
782 2464 856 2500 νῦν
880 2475 953 2501 om.
970 2465 1002 2500 P
1027 2483 1073 2490 —
1101 2462 1149 2501 11’
1163 2464 1281 2501 verba
1307 2462 1393 2500 οὔθ’
1423 2486 1466 2491 -
1495 2465 1536 2502 ἐν
1552 2461 1738 2504 πλάσταις
1763 2474 1834 2500 om.
1850 2462 1897 2498 L¹
1925 2462 2045 2500 adiec.
2070 2464 2118 2499 L²
2148 2484 2192 2490 —
2222 2465 2267 2501 12
2292 2461 2434 2507 ἀπέλης
2457 2463 2488 2500 Ρ
2511 2461 2609 2499 ἀπε-

376 2532 447 2581 λῆς
470 2533 503 2570 L
529 2553 575 2560 —
600 2534 786 2577 γενέσθαι
809 2532 857 2568 L¹
884 2530 1087 2569 ABGChK
1112 2536 1295 2577 γίνεσθαι
1322 2532 1371 2567 L²
1399 2532 1458 2569 Cr.
1483 2536 1690 2578 γίγνεσθαι
1715 2532 1745 2568 Ρ
1775 2552 1820 2557 -
1847 2532 1891 2568 13
1919 2528 1961 2566 τό
1991 2543 2035 2576 γε
2076 2533 2107 2568 0
2142 2530 2183 2567 τό
2210 2529 2245 2576 γ’
2283 2541 2372 2575 nos,
2412 2529 2461 2568 cf.
2494 2540 2611 2578 supra

376 2599 498 2651 σχολῇ
522 2599 558 2647 γ’
585 2596 635 2636 ἄν
658 2603 697 2638 et
720 2598 819 2637 infra.
842 2610 877 2647 p.
901 2602 958 2642 13,
974 2601 997 2639 6
1019 2601 1072 2647 (p.
1089 2601 1136 2638 58
1160 2602 1249 2636 ante
1274 2599 1392 2644 med.)
1416 2602 1453 2635 εἴ
1476 2603 1531 2641 τίς
1558 2599 1593 2646 γ’
1622 2600 1714 2643 ἐστί,
1742 2610 1778 2646 p.
1808 2597 1865 2647 14,
1884 2601 1906 2638 5
1934 2597 1955 2636 ὅ
1979 2597 2014 2646 γ’
2044 2596 2188 2644 ἀληθής
2213 2599 2325 2644 (unus
2349 2598 2381 2634 P
2405 2595 2428 2634 ὅ
2452 2609 2496 2644 γε
2512 2596 2608 2644 ἄλη),

375 2680 414 2716 p.
443 2671 499 2713 15,
528 2670 571 2706 15
597 2666 710 2704 τοῦτό
735 2667 771 2713 γ’
798 2665 847 2704 ἄν
871 2688 917 2694 -
944 2667 1126 2714 ὑστήροις
1150 2667 1190 2703 Α
1216 2688 1261 2693 -
1289 2666 1330 2702 τὸ
1357 2672 1445 2704 ante
1470 2667 1534 2707 τὰς
1558 2672 1692 2715 τέχνας
1724 2670 1831 2705 uncis
1863 2669 2082 2705 inclusimus
2107 2686 2152 2693 —
2195 2669 2240 2704 14
2267 2666 2315 2701 οὐ
2349 2665 2493 2714 μικρὸν
2518 2670 2607 2702 cett.

375 2735 422 2773 οὐ
458 2734 630 2785 σμικρὸν
653 2736 685 2772 Ρ
709 2734 758 2773 cf.
783 2745 899 2782 supra
922 2746 960 2781 p.
988 2738 1044 2780 10,
1070 2738 1092 2774 5
1107 2756 1153 2763 -
1180 2738 1226 2773 15
1254 2737 1435 2783 εἰρημένα
1450 2736 1543 2771 LPA
1568 2736 1758 2783 εὑρημένα
1774 2736 1884 2774 Corn.
1913 2737 1945 2772 B
1975 2737 2034 2782 (in
2063 2735 2253 2782 margine)
2284 2755 2330 2761 —
2356 2734 2501 2782 ρἆτον
2526 2734 2609 2771 sine

374 2805 456 2842 iota
468 2803 638 2840 LPABG
656 2824 703 2831 -
739 2807 784 2842 15
810 2803 958 2850 ὀιιγοις
981 2809 1062 2844 τοῖς
1085 2803 1335 2841 PBBGChCr.
1370 2802 1582 2849 ὀιιγισωις
1607 2804 1641 2839 K
1671 2804 1739 2850 (de
1765 2805 1795 2841 L
1820 2805 1911 2841 nihil
1943 2788 2035 2842 certi
2062 2806 2269 2847 motatum)
2296 2824 2339 2831 -
2377 2803 2423 2840 16
2447 2800 2609 2839 λοιπόν-

374 2886 450 2910 τυν
471 2873 562 2910 Ρ-
593 2874 637 2912 18
661 2870 906 2920 μαθόνταςΡ
932 2893 960 2898 -
985 2871 1194 2919 ἐφικέσθαι
1219 2871 1279 2909 Cr.
1294 2871 1461 2919 έφίεσθα
1477 2876 1579 2910 mett.
1603 2893 1647 2899 —
1678 2874 1722 2911 19
1737 2876 1940 2909 πλουτίσαι
1958 2871 2155 2910 PABGCh
2173 2871 2386 2916 πλουτῆσαι
2412 2881 2461 2907 an
2487 2872 2609 2907 πλου-

373 2945 479 2978 τίσαι
503 2941 649 2980 ineerta
673 2941 862 2987 scriptura
886 2940 916 2976 L
942 2940 1156 2986 πλουτῆσαι
1171 2942 1229 2977 Cr.
1255 2940 1301 2977 Κ.
1352 2939 1480 2978 Verba
1504 2938 1708 2987 φθάσουσι
1737 2962 1784 2968 -
1810 2941 2007 2982 ἐξικέσθαι
2032 2941 2140 2978 uncis
2164 2939 2439 2978 inclusimus—
2464 2939 2514 2978 20
2536 2950 2608 2987 με·

374 3007 473 3054 γάλα
498 3009 530 3045 Ρ
555 3028 598 3037 -—
625 3010 792 3056 θατέρον
819 3008 916 3055 (εἰσ)
946 3007 986 3044 A
1013 3007 1180 3055 θάτέρου
1208 3008 1239 3044 Ρ
1267 3028 1311 3034 -
