2891 3624
170 1091 273 1149 νιο

180 1448 193 1456 .,
208 1480 271 1547 ,15

153 1704 271 1749 011

1401 266 1475 322 14

324 419 506 477 πάντα,
540 423 671 479 ’περὶ
692 417 926 476 &ardrie
958 417 1075 478 ἡμᾶς
1116 418 1338 474 ἐδίδαξεν.
1368 419 1472 467 ὥστ’
1502 419 1559 466 οὗ
1590 421 1735 478 μόνον
1764 420 1936 480 ἀνάγκη
1964 424 2205 484 χρημάτων
2241 428 2552 482 καταφρονεῖν

323 494 407 546 τᾶν
449 499 665 554 τοιοῦτον
700 492 921 553 ἰώμενον
932 528 949 549 ,
992 494 1107 542 ἀλλά
1145 501 1222 541 καὶ
1254 497 1511 555 φιλόπονον
1551 494 1749 553 ἐσχάτως
1786 495 2022 554 ὑπάρχειν.
2066 502 2145 544 καὶ
2177 500 2266 558 μὴν
2308 497 2393 545 οὐκ
2421 489 2551 545 ἰνδόζ

324 587 455 630 mac
480 571 739 631 φιλόπονον
776 570 899 617 εἶναί
928 589 1032 616 τινα
1068 573 1410 629 μεθυσκόμενον
1450 573 1474 631 ἢ
1515 571 1856 630 ἐμπιπλάμενον
1897 573 1923 631 ἢ
1963 572 2250 634 ἀφροδισίοις
2286 578 2549 635 προσκείμε-

326 657 410 694 νον
456 647 482 706 ἢ
529 648 776 706 συλλήβδην
823 646 968 693 εἰπεῖν
1012 647 1204 700 αἰδοίοις
1255 653 1331 693 καὶ
1375 654 1537 706 γαστρὶ
1587 650 1877 694 δουλεύοντα.
1931 651 2231 709 σωφροσύνης
2276 650 2360 697 οὖν
2403 652 2547 707 φίλος,

325 723 479 782 ὅσπερ
521 740 574 779 γε
604 727 693 769 καὶ
738 720 956 781 ἀληθείας
999 722 1196 782 ἑταῖρος,
1247 723 1271 769 ὅ
1319 724 1356 780 γ’
1409 724 1579 783 ἀληθὴς
1620 724 1773 786 ἰατρὸς
1819 725 2066 786 ἐξεύρηται.
2119 730 2196 771 καὶ
2245 727 2329 783 μὲν
2372 725 2426 783 δὴ
2472 729 2549 770 καὶ

322 802 504 859 λογικὴν
529 800 734 856 μέθοδον
762 799 922 844 ἀσκεῖν
949 800 1029 857 χρὴ
1069 801 1201 858 χάριν
1230 806 1310 845 τοῦ
1341 806 1533 856 γνῶναι,
1572 803 1695 846 πόσα
1725 804 1780 846 τά
1822 805 1975 847 πάντα
2004 801 2101 847 κατ’
2134 803 2229 859 εἴδη
2259 818 2308 846 τε
2337 805 2415 847 καὶ
2441 804 2546 858 γένη
2588 855 2590 857 ,

325 877 562 934 νοσήματα
588 877 596 934 Ι
620 873 815 933 ὑπάρχει
853 879 930 920 καὶ
970 880 1064 927 πῶς
1109 873 1181 933 ἐφ’
1218 874 1413 922 ἑκάστου
1449 879 1644 943 ληπτέον
1685 878 1878 931 ἔνδειξίν
1914 897 2016 923 τινα
2046 877 2265 935 ἰαμάτων.
2307 876 2332 934 ἢ
2363 876 2405 922 δ’
2435 875 2546 934 αὐτὴ

322 953 524 1010 μέθοδος
537 951 620 1010 ἥδε
636 955 713 996 καὶ
732 952 814 1009 τὴν
840 955 921 996 τοῦ
940 952 1148 1007 σώματος
1168 952 1308 1009 αὐτὴν
1323 954 1534 998 διδάσκει
1554 953 1708 1010 φύσιν,
1736 956 1817 1011 τήν
1831 953 1868 999 τ’
1899 953 1949 1000 ἐκ
1970 960 2060 999 τῶν
2085 955 2278 1012 πρώτων
2296 958 2547 1009 στοιχείων,

323 1028 356 1073 ἃ
385 1027 443 1073 δι’
474 1026 677 1092 ἀλλήλων
707 1026 793 1072 ὅλα
812 1029 1040 1083 κέκραται,
1069 1031 1145 1070 καὶ
1171 1028 1250 1084 τὴν
1280 1025 1329 1071 ἐκ
1357 1018 1708 1086 τῶνδευτέρων,
1736 1035 1827 1072 τῶν
1857 1029 2109 1087 αἰσθητῶν,
2140 1029 2170 1072 ἃ
2196 1029 2252 1085 δὴ
2282 1032 2360 1073 καὶ
2391 1027 2545 1085 ὅμοιο-

322 1107 434 1162 μερῆ
462 1102 878 1160 προσαγορεύεται,
920 1105 995 1144 καὶ
1023 1106 1172 1158 τρίτην
1212 1100 1290 1146 ἐπὶ
1316 1104 1501 1153 ταύταις
1530 1104 1610 1159 τὴν
1650 1101 1699 1147 ἐκ
1727 1109 1817 1148 τῶν
1846 1103 2097 1161 ὀργανικῶν
2124 1108 2286 1161 μερῶν.
2332 1102 2447 1147 ἀλλά
2471 1106 2547 1146 καὶ

322 1183 389 1232 τίς
417 1177 442 1236 ἦ
472 1182 600 1236 χρεία
639 1182 702 1237 τῷ
740 1178 836 1236 ζῴῳ
874 1181 964 1220 τῶν
993 1176 1236 1234 εἰρημένων
1274 1175 1466 1222 ἑκάστου
1496 1183 1571 1222 καὶ
1600 1183 1665 1230 τίς
1705 1178 1729 1236 ἢ
1760 1177 1977 1237 ἐνέργεια,
2009 1180 2116 1224 δέον
2144 1179 2271 1234 ἄγειν
2299 1182 2376 1223 καὶ
2402 1183 2544 1222 ταῦτα

319 1256 379 1313 μὴ
407 1254 740 1312 ἀβασανίστως,
769 1252 884 1298 ἀλλά
913 1252 1006 1309 μετ’
1037 1252 1314 1305 ἀποδείξεως
1330 1260 1685 1308 πεπιστεῦσθαι,
1716 1257 1829 1313 πρὸς
1857 1260 1932 1313 τῆς
1960 1258 2136 1312 λογικῆς
2165 1255 2307 1311 δήπου
2338 1253 2544 1298 διδάσκε·

321 1349 399 1378 ται
426 1331 643 1390 μεθόδου.
686 1334 733 1374 τί
767 1330 820 1387 δὴ
852 1328 935 1375 οὖν
974 1328 1040 1374 ἔτι
1069 1332 1271 1375 λείπεται
1310 1331 1423 1389 πρὸς
1461 1331 1513 1376 τὸ
1542 1332 1600 1389 μὴ
1632 1331 1749 1376 εἶναι
1780 1333 2043 1389 φιλόσοφον
2071 1333 2152 1376 τὸν
2182 1330 2364 1389 ἰατρόν,
2410 1329 2458 1381 ὃς
2487 1328 2545 1374 ἂν

316 1407 643 1466 Ἱπποκράτους
679 1404 814 1458 ἀξίως
855 1404 1028 1465 ἀσκήσῃ
1060 1406 1138 1462 τὴν
1168 1410 1326 1463 τέχνην
1337 1426 1348 1459 ;
1396 1406 1440 1450 εἰ
1463 1408 1575 1462 γάρ,
1614 1410 1689 1450 ἵνα
1720 1409 1805 1464 μὲν
1851 1405 2007 1468 ἐξεύρῃ
2055 1408 2193 1465 φύσιν
2234 1408 2441 1463 σώματος
2469 1410 2545 1450 καὶ

324 1484 594 1541 νοσημάτων
619 1478 850 1538 διαφορὰς
879 1485 955 1523 καὶ
983 1480 1186 1537 ἰαμάτων
1217 1480 1430 1533 ἐνδείξεις
1439 1514 1454 1533 ,
1485 1481 1535 1526 ἕν
1563 1487 1613 1543 τῇ
1643 1485 1794 1542 λογικῇ
1825 1487 2000 1542 θεωρίᾳ
2029 1482 2344 1538 γεγυμνάσθαι
2370 1481 2543 1539 προσή-

322 1573 419 1611 κει,
464 1559 542 1602 ἰ’να
586 1557 638 1600 δὲ
667 1557 927 1613 φιλοπόνως
964 1560 1015 1616 τῇ
1046 1557 1216 1600 τούτων
1254 1556 1739 1618 ἀσκήσειπαραμένῃ,
1781 1560 2018 1616 χρημάτων
2058 1574 2108 1601 τε
2136 1562 2442 1615 καταφρονεῖν
2469 1560 2545 1599 καὶ

325 1633 633 1693 σωφροσύνην
669 1631 848 1687 ἀσκεῖν,
887 1630 1017 1675 πάντ’
1049 1631 1107 1675 ἂν
1137 1632 1217 1689 ἤδη
1254 1636 1328 1688 τῆς
1358 1634 1631 1689 φιλοσοφίας
1661 1632 1756 1689 ἔχοι
1785 1635 1841 1676 τὰ
1871 1636 1997 1692 μέρη,
2027 1633 2078 1677 τό
2107 1648 2156 1677 τε
2183 1633 2439 1688 λογιστικὸν
2468 1635 2545 1675 καὶ

327 1712 333 1766 Ι
363 1710 416 1754 τὸ
446 1709 641 1767 φυσικὸν
669 1712 745 1752 καὶ
772 1709 824 1752 τὸ
854 1706 1027 1766 η’θικόν.
1059 1706 1112 1751 οὔ
1142 1710 1227 1766 γὰρ
1257 1708 1311 1765 δὴ
1341 1709 1445 1759 δέος
1474 1724 1539 1762 γε,
1568 1710 1625 1765 μὴ
1656 1710 1895 1767 χρημάτων
1925 1714 2227 1767 καταφρονῶν
2255 1712 2331 1752 καὶ
2361 1722 2544 1764 σωφρο·

326 1784 463 1842 σύνην
492 1784 645 1828 ἀσκῶν
672 1785 832 1829 ἄδικόν
867 1800 910 1827 τι
939 1785 1099 1843 πράξῃ·
1130 1785 1281 1826 πάντα
1310 1785 1416 1842 γάρ,
1458 1784 1488 1826 ἃ
1518 1787 1744 1840 τολμῶσιν
1773 1784 1938 1836 ἀδίκως
1968 1785 2230 1843 ἄνθρωποι,
2268 1786 2545 1841 φιλοχρημα-

322 1866 424 1913 τίας
460 1860 796 1918 ἀναπειθούσης
833 1862 855 1918 ἢ
894 1859 1190 1916 γοητευσύσης
1218 1857 1378 1916 ἡδονῆς
1415 1862 1704 1917 πράττουσιν.
1748 1860 1864 1904 οὕτω
1905 1861 1956 1904 δὲ
1985 1864 2060 1904 καὶ
2100 1861 2180 1911 τὰς
2210 1860 2348 1911 ἄλλας
2378 1857 2545 1917 ἀρετάς

322 1935 573 1992 ἀναγκαῖον
628 1935 749 1992 ἔχειν
791 1935 944 1981 αὐτόν·
1005 1936 1241 1992 σύμπασαι
1282 1935 1366 1993 γὰρ
1419 1934 1628 1993 ἀλλήλαις
1676 1935 1865 1980 ἕπονται
1918 1940 1993 1980 καὶ
2051 1935 2134 1991 οὐχ
2177 1935 2276 1980 οἶόν
2338 1951 2388 1979 τε
2437 1938 2546 1990 μίαν

475 2127 492 2163 1
524 2123 651 2161 πάντα
683 2127 748 2160 καὶ
787 2127 877 2172 περὶ
911 2121 1169 2161 LPABGChK
1205 2126 1268 2158 καὶ
1303 2124 1413 2160 eiecit
1449 2123 1507 2160 Cr.
1535 2144 1579 2150 —
1616 2123 1713 2170 ἡμᾶς
1745 2122 1861 2163 αὐτὸς
1885 2124 1915 2159 Ρ
1942 2145 1986 2150 -
2023 2126 2044 2162 3
2071 2124 2169 2160 εἶναι,
2195 2122 2281 2160 τινὰ
2307 2122 2474 2159 LPABG
2500 2143 2544 2150 -

322 2192 616 2242 μεθισκόμενον
648 2192 677 2229 Ρ
703 2213 748 2220 -
784 2190 806 2237 ἢ
845 2197 934 2229 ante
974 2189 1269 2239 ἐμπιπλάμενον
1307 2192 1434 2228 omiss.
1470 2192 1507 2228 in
1543 2192 1572 2228 Ο
1613 2203 1682 2228 nos
1714 2191 1937 2228 inseruimus
1965 2213 2008 2218 —
2047 2192 2069 2228 4
2095 2189 2311 2237 συλληβδὴν
2336 2189 2376 2228 A
2402 2213 2444 2219 —
2472 2201 2546 2227 σω-

325 2259 525 2310 φροσύνης
544 2261 689 2308 γοῡνΟ
705 2270 740 2296 σ.
767 2256 838 2296 οὖν
862 2271 991 2297 nos—
1016 2262 1038 2298 5
1054 2256 1184 2306 ὥσπέρ
1211 2271 1254 2304 γε
1270 2259 1374 2295 ABG
1392 2280 1434 2285 —
1460 2256 1482 2294 ὅ
1508 2272 1551 2305 γε
1577 2258 1687 2304 ἀληθ.
1703 2259 1744 2303 Ρ;
1769 2258 1814 2295 cf.
1842 2269 1957 2305 supra
1982 2271 2020 2305 p.
2040 2261 2096 2303 12,
2115 2261 2170 2297 13.
2187 2279 2230 2285 -
2258 2261 2280 2297 6
2305 2258 2416 2295 ἄσκει
2446 2259 2543 2306 (sic)

324 2330 369 2365 L·
398 2328 535 2366 ἀσκεῖν
561 2330 610 2366 L²
634 2329 665 2365 P
689 2334 778 2366 cett.
813 2349 844 2354 -
884 2331 907 2367 6
928 2327 1004 2374 χρὴ
1036 2332 1123 2374 post
1145 2326 1280 2363 ἀσκεῖν
1312 2328 1424 2363 inseri
1460 2328 1540 2363 vult
1567 2327 1626 2364 Cr.
1655 2349 1697 2355 -
1741 2329 1762 2365 7
1790 2328 1957 2368 ἔνδειξιν
1993 2326 2078 2363 τινὰ
2103 2327 2234 2363 LPAB
2262 2348 2305 2355 —
2344 2329 2368 2366 8
2394 2327 2547 2363 διδάκει

325 2397 356 2433 Ρ
381 2417 426 2424 -
460 2399 482 2435 9
508 2397 697 2443 δευτέρων
725 2396 920 2440 αἰσθητῶν
944 2395 1015 2432 ΑΒ
1043 2416 1085 2421 -
1114 2397 1159 2433 10
1185 2398 1312 2442 τρίτον
1337 2394 1466 2431 PSeal.
1495 2415 1538 2421 —-
1577 2398 1619 2432 11
1648 2399 1714 2430 καί
1737 2408 1793 2435 τις
1818 2395 1862 2431 L¹
1891 2396 1960 2431 AB
1986 2398 2051 2430 καὶ
2076 2398 2132 2435 τὶς
2156 2395 2205 2431 L²
2232 2415 2275 2421 -
2302 2393 2380 2440 ζώῳ
2409 2397 2440 2432 Ο
2466 2392 2545 2441 ζῴῳ

324 2475 396 2502 nos
427 2485 461 2491 —
493 2467 558 2500 καὶ
582 2467 638 2504 τὶς
668 2464 738 2501 ΑΒ
769 2485 807 2492 -
842 2464 934 2501 δέον
965 2464 1039 2511 μὲν
1063 2460 1176 2509 ἄγειν
1199 2462 1421 2500 LPABChK
1448 2464 1539 2499 δέον
1566 2464 1640 2511 μὲν
1665 2466 1790 2509 λέγειν
1819 2464 1852 2500 G
1877 2465 1950 2511 μέν
1976 2463 2085 2500 eiecit
2111 2462 2188 2507 Cr.;
2227 2463 2390 2500 forfasse
2420 2463 2545 2510 legen·

323 2533 413 2570 dum
437 2532 530 2569 δέον
556 2530 774 2580 λαμβάνειν,
801 2531 848 2569 cf.
877 2530 975 2568 infra
1000 2530 1203 2568 Commeat.
1229 2536 1344 2567 nostr.
1373 2551 1417 2557 -
1461 2533 1507 2569 12
1540 2531 1635 2578 μετὰ
1667 2530 1788 2566 α’ποδ.
1821 2530 2105 2568 LPABGChCr.
2138 2531 2217 2578 μετ’
2247 2530 2318 2567 ἀπ.
2346 2532 2377 2567 Κ
2407 2551 2445 2558 -
2477 2543 2546 2566 πε-

324 2600 530 2636 nemeina
553 2598 625 2635 AB
661 2600 920 2635 πεπιστεῦθαι
956 2599 1046 2636 LCr.
1082 2600 1366 2634 πεπιστεῦσθαι
1401 2599 1532 2635 PScal.
1561 2599 1684 2635 GChK
1715 2618 1759 2623 —
1799 2602 1841 2636 13
1867 2601 1904 2633 τὶ
1936 2598 1983 2643 δὴ
2010 2599 2081 2634 ΑΒ
2108 2619 2150 2624 -
2185 2599 2283 2645 πρὸς
2306 2599 2358 2645 τῷ
2383 2598 2546 2635 ABGCh

324 2667 424 2716 πρὸς
450 2666 492 2703 τὸ
519 2666 682 2703 LPSoal.
706 2667 821 2710 Cr.K;
848 2667 934 2703 vide
960 2667 1100 2703 Comm.
1128 2672 1243 2703 nostr.
1273 2687 1314 2692 —
1345 2664 1412 2705 οὓς
1437 2664 1485 2702 ἂν
1512 2668 1581 2703 ΑΒ
1609 2667 1659 2706 ὠς
1687 2664 1735 2702 ἂν
1761 2667 1820 2702 LP
1847 2666 1908 2706 ’ὃς
1940 2667 2026 2711 (sic)
2051 2666 2128 2702 Ad.
2156 2667 2219 2702 alii
2245 2659 2309 2702 ὤν’
2333 2667 2367 2703 G
2395 2668 2434 2702 in
2457 2666 2544 2703 adn.

322 2732 366 2776 ὃς
396 2733 446 2771 ἂν
478 2735 589 2772 Corn.
629 2734 729 2771 Scal.
771 2736 804 2772 G
830 2735 890 2772 Cr.
919 2736 951 2771 K
980 2755 1025 2761 -
1056 2737 1097 2771 14
1127 2732 1366 2780 ἱπποκράτης
1400 2735 1430 2770 Ρ
1457 2755 1502 2761 -
1538 2734 1598 2775 ἀξι
1638 2735 1730 2780 (sic)
1762 2734 1806 2769 L·
1836 2733 1949 2775 ἀξίως
1974 2734 2021 2769 L²
2047 2745 2118 2771 om.
2147 2735 2177 2770 P
2204 2755 2246 2761 —
2292 2738 2327 2770 εἰ
2364 2733 2438 2782 γὰρ
2471 2745 2544 2771 om.

322 2803 369 2839 L·
396 2803 519 2840 adine.
546 2803 596 2838 L²
622 2823 667 2830 -
721 2805 763 2841 15
795 2803 1066 2850 γεγυμνάσθαι
1093 2802 1315 2839 LPABGCr.
1349 2801 1620 2850 γεγυμνάσθαι
1649 2802 1738 2839 ChK
1767 2824 1808 2829 —
1854 2805 1898 2840 17
1925 2801 2051 2839 πάντα
2083 2800 2157 2848 ἤδη
2184 2805 2216 2839 Ο
2248 2801 2357 2839 πάντ’
2392 2800 2441 2839 ἂν
2473 2800 2545 2847 ἤδη

320 2882 394 2909 nos
421 2892 465 2898 —
491 2871 630 2917 ἔχοντα
655 2873 753 2919 μέρη
779 2871 810 2907 Ρ
835 2871 912 2917 ἔχει
942 2870 984 2906 τὰ
1017 2884 1058 2917 μ.
1086 2871 1143 2907 Cr.
1172 2891 1216 2897 —
1258 2872 1302 2909 18
1329 2870 1396 2915 τὴν
1423 2869 1681 2917 σωφροσύνην
1707 2870 1966 2908 ABGChCr.K
1999 2869 2075 2916 τήν
2101 2870 2209 2908 deest
2241 2871 2279 2907 in
2311 2869 2469 2907 LPScal.
2499 2890 2544 2897 -—

327 2941 370 2978 19
396 2936 546 2976 ἄτοπόν
571 2953 607 2976 τι
625 2937 886 2978 ABGChCr.K
911 2937 1060 2976 ἄτοπον
1077 2939 1121 2975 L·
1150 2937 1290 2976 ἄδικον
1315 2939 1396 2975 ΒῬ
1419 2936 1569 2975 ἄτοπον
1595 2941 1658 2974 καὶ
1686 2936 1825 2975 ἄδικόν
1851 2952 1887 2982 ,τι
1913 2937 2011 2976 Scal.
2038 2960 2079 2966 —
2107 2936 2248 2987 πράξει.
2274 2938 2403 2976 Psoal.
2420 2936 2545 2986 πράξῃ

324 3007 394 3044 LA
418 3007 545 3057 πράξῃ
570 3008 602 3043 Β
629 3028 673 3035 -
702 3010 749 3046 20
774 3006 874 3042 οὕτω
902 3007 949 3051 δὴ
977 3008 1035 3044 Cr.
1067 3029 1108 3034 —
1137 3009 1178 3044 21
1211 3008 1316 3053 ἔχειν
1341 3007 1460 3052 αὐτήν
1485 3007 1515 3042 Ρ
1543 3027 1585 3033 -
