2891 3624
334 476 468 542 Μ
489 486 585 533 (00⁴-
612 480 799 536 Κάτων)
839 481 995 528 κοινὸν
1031 480 1168 540 ὅρκον
1204 483 1322 531 εἶναι
1355 494 1523 534 τοῦτον
1560 487 1726 546 ἰατρῦν
1759 481 1982 532 ἁπάντων
2008 486 2086 527 καὶ
2112 479 2439 541 παρεκελεύετο
2476 490 2566 538 φυ-

318 575 321 577 *
333 552 592 623 &sse-‘Im'
618 561 682 618 τῷ
725 557 861 602 παιδὶ
900 558 1090 611 πάντας.
1149 559 1215 604 So
1230 576 1368 607 ranu
1382 578 1402 608 s
1446 567 1564 622 (sive
1611 566 1648 607 is
1678 561 1894 622 Ephesius
1931 561 2012 603 suit
2046 573 2084 602 c.
2113 557 2198 604 110
2225 572 2269 614 p.
2299 555 2371 602 Gliv
2396 556 2558 601 floreus

318 636 439 701 ,the
467 635 596 697 diue,
624 635 701 692 qni
729 637 885 679 auctor
912 635 1032 691 apud
1065 635 1185 679 Suid.
1224 650 1258 680 s.
1292 653 1332 683 V.
1363 641 1578 701 Σωρανός
1607 641 1796 682 vitarum
1827 637 2103 680 medicorum
2129 635 2265 677 fuisse
2295 631 2479 688 fertur),
2516 635 2566 674 ut

336 724 402 756 ex
429 712 640 768 epitome,
671 722 790 766 quae
806 710 1073 754 inscribitur
1096 709 1424 772 Ἱπποκράτους
1454 720 1583 772 γένος
1612 719 1688 760 καὶ
1713 718 1811 770 βίος
1839 712 1953 757 κατὰ
1981 709 2215 769 Σωρανόν,
2245 712 2381 765 patet,
2411 708 2562 752 lauda·

327 788 406 830 -vit
433 785 646 843 epistulas
677 786 938 829 Artaxerxis
976 790 1021 829 et
1049 787 1331 843 Hippocratis
1364 793 1420 835 ad
1452 793 1727 849 Hellesponti
1768 793 1996 846 satrapam
2029 788 2113 831 hac
2153 785 2209 829 de
2238 797 2288 828 re
2324 784 2452 827 datas
2485 783 2565 837 (cf.

178 829 208 835 ‘A
267 851 272 853 ’
339 861 471 928 Hipp.
501 859 616 917 Opp.
646 860 717 905 ed.
747 859 922 904 Kuehn.
954 861 1036 916 111,
1065 878 1106 918 p.
1137 863 1256 921 852).
1319 865 1443 922 Quas
1474 880 1564 911 non
1595 868 1740 909 minus
1770 865 2041 908 adulterinas
2079 874 2180 906 esse
2208 873 2342 917 quam
2375 862 2562 913 ceteras,

340 949 463 995 quae
489 936 572 980 sub
601 935 884 993 Hippocratis
915 940 1096 981 nomine
1126 941 1325 984 feruntur
1358 943 1436 993 (cf.
1467 941 1939 998 nuncEpistologr.
1961 939 2154 982 Graec.
2184 949 2273 980 rec.
2293 935 2563 979 R.Hercher

335 1011 624 1064 ·Psris.‚·1873
654 1025 698 1068 p.
728 1011 813 1058 289
840 1012 907 1067 ff.)
942 1013 1075 1057 docte
1105 1015 1381 1060 demonstrat
1411 1017 1666 1062 Schneider.
1699 1020 1742 1060 in
1773 1016 2007 1059 Henschel.
2038 1015 2138 1057 Jan.
2167 1012 2211 1065 Ι,
2239 1011 2455 1063 85-116,
2485 1011 2560 1066 qui

338 1090 386 1132 in
417 1092 626 1131 extrema
655 1092 782 1143 parte
819 1088 1128 1143 disputationis
1175 1093 1286 1135 haec
1317 1094 1441 1136 dicit:
1500 1094 1763 1148 ‘Allerdings
1803 1092 1923 1133 kann
1964 1091 2035 1133 die
2063 1089 2303 1132 Nachricht
2341 1087 2479 1129 selbst
2506 1110 2561 1116 -—

337 1165 442 1208 eine
470 1163 748 1218 Erdichtung
776 1164 892 1217 sein,
934 1165 1154 1207 vielleicht
1182 1174 1363 1223 erzeugt
1395 1170 1530 1211 durch
1563 1169 1635 1211 die
1664 1167 1913 1210 Eifersucht
1940 1166 2020 1208 der
2050 1164 2263 1207 koischen
2294 1162 2454 1213 Schule
2484 1174 2559 1215 ge·

338 1252 428 1296 gen
457 1239 531 1282 die
559 1237 812 1290 knidische,
845 1239 918 1281 die
945 1241 990 1281 in
1020 1240 1196 1284 Ktesias
1228 1245 1355 1286 einen
1386 1245 1590 1286 Leibarzt
1620 1244 1695 1285 des
1726 1255 1908 1298 grossen
1941 1241 2110 1294 Konigs
2129 1238 2416 1293 (Artaxerxis
2440 1237 2560 1279 Mne-

338 1307 506 1368 monis)
548 1325 750 1370 gezogen
791 1327 846 1356 zu
875 1315 1022 1357 haben
1062 1318 1152 1359 sich
1185 1319 1361 1361 ruhmte
1391 1320 1480 1361 und
1524 1320 1718 1362 welcher
1745 1331 1834 1359 nun
1859 1319 1967 1372 jene
2007 1317 2050 1356 in
2080 1316 2222 1356 ihrem
2251 1313 2431 1368 Haupte
2472 1312 2559 1354 den

339 1391 668 1445 hochherzigen
699 1388 942 1432 Verachter
971 1393 1222 1445 persischer
1262 1395 1451 1437 Schatze
1499 1395 1588 1436 und
1626 1394 1773 1436 Ehren
1817 1390 2210 1447 entgegenstellte’.
2287 1387 2376 1436 (Cf.
2409 1387 2559 1429 Littrei

337 1464 557 1510 ‘Oeuvres
587 1465 627 1507 d'
655 1464 927 1521 Hippocrate
955 1466 1081 1509 Tom.
1117 1467 1221 1510 VIII
1249 1469 1432 1513 Preface
1461 1485 1503 1526 p.
1533 1467 1927 1523 Xle—XLIX‘).

571 1541 636 1584 De
664 1541 899 1596 Perdicca,
930 1542 1019 1585 filio
1051 1544 1316 1599 Alexandri,
1357 1548 1474 1601 regis
1506 1546 1822 1599 Macedonum,
1861 1546 1953 1586 vita
1982 1543 2140 1585 Sorani
2171 1542 2282 1583 haec
2312 1541 2558 1582 memoriae

336 1618 487 1674 prodit
516 1617 565 1671 (l.
597 1617 624 1661 l.
656 1631 697 1673 p.
727 1616 804 1661 851
843 1618 995 1672 extr.):
1030 1619 1110 1675 τὴν
1147 1619 1199 1664 δὲ
1243 1623 1490 1676 σύμπασαν
1512 1619 1704 1665 Ἑλλάδα
1733 1619 2005 1678 θεραπεύων
2043 1616 2321 1672 ἐθαυμάσθη
2359 1614 2442 1672 (sc.
2466 1616 2558 1658 Ἱπ-

333 1692 612 1752 noxpoe'tqc),
659 1691 778 1737 ὥστε
817 1695 893 1736 καὶ
933 1691 1023 1739 ὑπὸ
1053 1696 1277 1754 Περδίκκα
1316 1702 1397 1742 τοῦ
1427 1697 1710 1742 Μακεδόνων
1748 1697 1966 1752 βασιλέως
2010 1696 2226 1751 φθισικοῦ
2267 1694 2561 1748 νομισθέντος

332 1769 690 1827 παρακληθέντα
723 1768 917 1827 δημοσίᾳ
958 1770 1072 1828 πρὸς
1102 1769 1242 1816 αὐτὸν
1271 1769 1424 1818 ἐλθεῖν
1451 1771 1902 1831 μετ’·Εὖρυφῶντος,
1942 1770 1990 1822 ὃς
2019 1767 2124 1814 καθ’
2155 1767 2329 1826 ἡλικίαν
2358 1766 2557 1825 πρεσβύ-

331 1859 462 1901 τερος
491 1842 546 1901 ἦν
569 1841 730 1895 αὖτοῦ,
758 1846 836 1887 καὶ
865 1845 1214 1901 σημειώσασθαι
1260 1853 1405 1903 ψυχῆς
1434 1848 1552 1892 εἶναι
1581 1849 1631 1893 τὸ
1662 1848 1829 1898 πάθος.
1871 1846 1956 1905 ἦρα
1986 1846 2071 1903 γὰρ
2100 1844 2212 1905 μετὰ
2251 1844 2331 1887 τὸν
2359 1847 2440 1887 τοῦ
2469 1859 2559 1885 πα-

331 1920 437 1978 τρὸς
462 1917 760 1977 Ἀλεξάνδρου
785 1919 993 1964 θάνατον
1014 1922 1156 1972 Φίλας
1184 1926 1259 1979 τῆς
1278 1924 1554 1975 παλλακίδος
1584 1922 1741 1975 αὐτοῦ,
1771 1922 1884 1981 πρὸς
1913 1920 1968 1979 ἣν
1997 1920 2263 1978 δηλώσαντα
2293 1919 2344 1962 τὸ
2376 1917 2558 1972 γεγονὸς

330 1991 491 2053 ἐπειδὴ
521 1994 818 2053 παρεφύλαξε
841 1995 1004 2053 ταύτης
1031 1998 1307 2055 βλεπομένης
1336 2001 1567 2051 παντελῶς
1599 1996 1771 2043 ἐκεῖνον
1803 2000 2073 2056 τρέπεσθαι,
2102 1997 2236 2039 λῦσαι
2264 1995 2347 2050 μὲν
2375 1993 2455 2050 τὴν
2483 1993 2558 2037 νό-

332 2084 434 2125 σον,
465 2059 820 2129 ἀνακτήσασθαι
848 2070 900 2114 d&
928 2070 1009 2115 τὸν
1037 2073 1245 2127 βασιλέα,
1298 2074 1367 2117 Ne
1398 2075 1511 2118 haec
1540 2076 1720 2132 quidem
1751 2074 1883 2116 fidem
1913 2074 2049 2114 ullam
2079 2072 2248 2113 habere
2277 2074 2409 2112 acute
2438 2071 2558 2111 evin-

332 2149 395 2192 cit
432 2147 715 2191 Greenhillus
753 2147 798 2189 in
831 2146 1067 2191 Henschel.
1101 2149 1216 2192 Jano
1248 2149 1334 2204 III,
1365 2151 1466 2196 357:
1511 2151 1871 2205 ‘Bemerkungen
1910 2162 1966 2191 zu
2005 2150 2130 2191 einer
2158 2147 2454 2203 Hippocrates
2485 2146 2557 2187 be-

331 2222 582 2269 treffenden
615 2222 873 2266 Anecdote.’
2123 2245 2144 2261 .

562 2296 695 2349 τούς
725 2294 784 2341 ἕν
811 2301 1066 2356 Κρανῶνι
1096 2303 1192 2342 καὶ
1226 2300 1390 2359 Θάσῳ
1429 2305 1521 2344 καὶ
1549 2306 1667 2351 ταῖς
1698 2301 1895 2350 ἄλλαις
1923 2296 2235 2354 πολίχναις]
2282 2297 2365 2338 Illa
2394 2296 2559 2351 oppida

331 2387 415 2418 our
445 2375 498 2418 G.
530 2373 751 2426 nominet,
791 2375 836 2415 in
868 2379 1024 2430 aperto
1056 2379 1135 2417 est.
1195 2377 1402 2419 Cranone
1432 2381 1477 2419 et
1504 2377 1638 2418 Thasi
1686 2377 1840 2431 quales
1869 2377 2032 2417 fuerint
2074 2378 2150 2416 aut
2180 2385 2441 2416 communes
2482 2378 2559 2413 aut

328 2448 610 2505 singulorum
641 2449 806 2500 morbi,
850 2460 989 2506 saepe
1032 2451 1087 2492 ab
1116 2450 1387 2505 Hippocrate
1416 2452 1831 2507 Hippocraticisque
1873 2452 1917 2491 in
1948 2450 2067 2492 libris
2097 2450 2431 2506 Epidemiorum
2469 2459 2558 2488 me-

334 2529 548 2568 moratur.
607 2524 701 2567 Nec
728 2526 877 2567 minus
907 2538 1046 2581 saepe
1079 2529 1248 2568 mentio
1280 2528 1327 2567 fit
1357 2527 1584 2581 Larissae,
1617 2527 1845 2580 Abderae,
1875 2526 2087 2576 Perinthi,
2123 2523 2293 2578 Cyzici,
2337 2535 2455 2578 quae
2483 2534 2558 2577 po-

330 2601 552 2643 tissimum
582 2596 909 2655 intellegendae
938 2605 1041 2643 sunt
1070 2600 1132 2644 ‘ai
1162 2601 1297 2645 ἄλλαι
1320 2603 1557 2657 πολίχναί.
1595 2602 1786 2657 Κρανιόν
1816 2604 1859 2644 in
1890 2602 2017 2644 codd.
2045 2601 2326 2656 Hippocratis
2356 2604 2400 2642 et
2429 2598 2556 2642 codd.

330 2682 379 2718 et
407 2676 509 2719 edd.
527 2675 724 2729 Galerii,
754 2677 874 2718 velut
904 2677 990 2718 vol.
1022 2677 1171 2730 XVII,
1202 2679 1248 2730 1,
1278 2692 1320 2733 p.
1351 2679 1427 2731 36,
1458 2691 1547 2721 non
1579 2680 1831 2733 geminata,
1859 2677 1939 2720 sed
1969 2677 2156 2732 simplici
2193 2677 2339 2719 littera
2369 2692 2395 2719 ν
2423 2675 2561 2718 scribi

329 2752 462 2796 solet.

560 2825 870 2883 ἀπολείψει
906 2829 967 2871 δὲ
1008 2833 1106 2871 καὶ
1134 2828 1313 2889 Κῴοις
1356 2831 1455 2885 μὲν
1483 2835 1598 2880 τοῖς
1628 2827 1912 2886 πολίταις]
1944 2829 2185 2884 Vulgatam
2233 2829 2436 2883 quamvis
2467 2840 2556 2871 me-

331 2904 515 2948 lioribus
545 2904 674 2948 codd.
705 2905 1086 2947 commendatam:
1128 2904 1376 2962 ἅπολείψει
1406 2906 1457 2949 δὲ
1483 2905 1628 2965 Κῴοις
1656 2907 1740 2961 μὲν
1768 2908 1864 2948 καὶ
1891 2906 2120 2955 πολίταις,
2162 2905 2367 2947 vitiosam
2397 2903 2556 2947 iudico.

328 2979 550 3023 Nimirum
585 2978 802 3032 Coorum,
851 2992 938 3023 non
977 2981 1090 3023 alius
1131 2983 1318 3024 civitatis
1359 2983 1441 3023 fuit
1478 2982 1793 3038 Hippocrates3
1840 2983 1916 3037 qui
1951 2982 2084 3036 igitur
2122 2980 2210 3022 dici
2239 2983 2385 3036 potest
2414 2977 2559 3038 Κῴοις

324 3058 407 3099 καὶ
443 3055 679 3106 πολίταιςὶ)
743 3055 847 3097 Mihi
885 3056 1064 3110 quidem
1105 3058 1186 3098 nisi
1230 3059 1274 3098 in
1315 3057 1522 3108 πολίταις
1565 3070 1728 3100 nomen
1769 3057 1948 3112 aliquod
1993 3057 2220 3111 proprium
2266 3056 2558 3110 depravatum
