2891 3624
328 459 695 514 caenomanni·
731 462 975 505 verborum
1011 461 1288 516 diversitate,
1333 463 1457 506 velut
1492 477 1534 518 p.
1564 463 1621 505 54
1657 462 1741 504 sub
1778 462 1880 515 fin.,
1919 462 1996 506 ubi
2025 464 2072 506 in
2101 464 2141 508 A
2166 464 2225 508 τὰ
2252 460 2561 521 merorem

297 536 489 595 “led
502 533 737 597 παρόντα,
758 537 805 580 in
828 536 898 580 L
891 536 950 580 τὰ
977 535 1187 595 παρόντα
1215 540 1293 581 καὶ
1320 537 1377 581 τᾶ
1395 536 1727 595 προγεγονότα,
1750 551 1793 593 p.
1817 537 1874 582 55
1892 537 2025 590 mede,
2053 538 2130 582 ubi
2157 540 2212 582 ἰιι
2222 534 2404 588 Αἰακὸν
2427 533 2563 589 ἰδοῦ,
2639 532 2649 552 “

267 614 379 663 in
406 612 445 658 L
467 611 604 659 ἰδεῖν.
618 608 719 658 δαὶ
751 612 802 668 (l.
831 610 864 657 ἰ.
893 613 1039 668 ἔστι),
1084 627 1125 669 p
1155 611 1211 656 58
1250 616 1388 668 extr„
1433 615 1508 657 ubi
1544 615 1589 656 in
1621 615 1660 656 A
1696 613 1872 666 πόλεως
1908 616 2143 668 γενέσθαι
2150 611 2415 671 αὖεόπτην,
2451 614 2516 656 in
2525 612 2561 656 L

324 675 564 748 ⁶35an
584 689 806 744 γενέσθαι
832 688 1008 740 πόλεως
1036 689 1246 745 scriptum
1277 693 1440 744 exstat,
1470 693 1563 732 tum
1593 702 1652 732 ex
1682 689 1794 732 alius
1823 691 2000 745 generis
2023 690 2287 734 lectionibus
2304 689 2560 743 discrepan-

308 757 464 821 *filum
492 776 607 822 quas
634 763 753 808 infra
779 765 921 808 textui
951 765 1244 819 subiecimus,
1275 777 1302 808 e
1332 778 1523 821 quarum
1555 766 1892 822 comparatione
1913 767 2047 810 simul
2074 766 2361 810 manifestum
2390 767 2460 808 est
2485 777 2560 809 co·-

315 841 486 886 -dioem,
505 840 542 885 L
571 839 769 883 melioris
801 844 937 883 notae
966 853 1067 883 esse
1096 853 1230 896 quam
1263 853 1388 894 eum,
1432 853 1567 897 quem
1597 840 1762 883 Aldina
1789 845 1946 884 secuta
1974 846 2064 896 est,
2103 846 2240 898 atque
2268 842 2331 884 illi
2358 839 2457 898 plus
2488 841 2560 882 tri-

331 916 567 961 buendum
588 915 692 960 fidei
722 919 768 958 et
794 917 1067 958 auctoritatis
1098 927 1195 959 esse
1228 929 1364 973 quam
1388 916 1592 969 Aldinae,
1623 917 1668 958 in
1700 928 1791 972 qua
1818 918 2019 960 omnium
2054 918 2299 961 editionum
2328 928 2472 972 usque
2501 915 2560 958 ad

329 993 450 1037 hane
477 994 674 1035 aetatem
703 991 995 1034 fundamenta
1023 993 1170 1047 posita
1197 993 1386 1034 suerunt.

492 1122 495 1124 ,
554 1065 949 1118 2)‘Parisinum
982 1065 1065 1119 (P)
1101 1080 1166 1109 nr.
1197 1067 1383 1116 2164⁹›.
1442 1067 1556 1109 Eum
1588 1067 1773 1110 contulit
1802 1079 1980 1110 summa
2015 1080 2107 1122 qua
2134 1068 2249 1110 solet
2277 1067 2562 1110 accuratione

328 1141 522 1187 Carolus
551 1139 792 1194 Wescher,
839 1142 986 1197 quiin
1018 1142 1137 1183 hunc
1179 1143 1272 1184 fere
1303 1142 1485 1184 modum
1530 1154 1634 1183 eum
1673 1142 1928 1197 descripsit:
1987 1141 2161 1185 ‘Codex
2201 1145 2269 1184 est
2298 1142 2560 1185 chartaceus

328 1230 452 1262 saec.
481 1215 590 1260 xvi
620 1216 726 1260 olim
764 1217 881 1258 inter
909 1215 1190 1260 Colbertinos
1232 1222 1493 1260 numeratus
1523 1217 1655 1270 2619,
1702 1218 1864 1260 deinde
1901 1219 2016 1260 inter
2044 1219 2192 1272 regios
2224 1216 2350 1262 2134.
2379 1217 2426 1270 5,
2457 1228 2559 1259 con·

280 1318 283 1321 s
329 1275 455 1338 stans
484 1291 597 1336 soliis
625 1291 734 1347 314,
779 1291 939 1348 quibus
970 1293 1251 1335 continentur
1281 1293 1481 1336 Galeni
1514 1293 1683 1335 Varia
1725 1293 1863 1336 tribus
1894 1293 2080 1336 diversis
2112 1293 2317 1336 manibus
2347 1291 2560 1335 exarata'.

329 1368 468 1413 Manu
498 1369 646 1425 prima
680 1368 846 1424 scripta
884 1371 985 1410 sunt
1023 1367 1113 1411 foll.
1143 1368 1305 1424 3—903
1349 1369 1439 1412 foll.
1469 1367 1677 1413 352—37b
1706 1368 1903 1421 libellus,
1947 1369 2005 1412 de
2035 1381 2124 1424 quo
2156 1369 2426 1424 quaerimus.
2483 1367 2561 1410 Pa·

330 1445 457 1489 ricini
486 1444 702 1488 lectiones
732 1443 995 1500 plerumque
1024 1446 1308 1488 consentiunt
1337 1457 1440 1488 cum
1470 1445 1527 1497 L,
1555 1444 1756 1501 inprimis
1787 1457 1889 1488 cum
1918 1443 1994 1499 Ι),
2034 1456 2184 1501 neque
2213 1447 2365 1487 tamen
2395 1444 2481 1498 ita,
2513 1445 2563 1485 ut

330 1532 413 1578 pro
441 1523 566 1564 certo
597 1519 809 1575 colligere
839 1521 980 1575 possis
1008 1520 1257 1563 Parisinum
1290 1533 1391 1563 esse
1420 1521 1527 1563 nihil
1563 1521 1646 1563 nisi
1678 1521 1986 1576 apographum
2017 1521 2319 1563 Laurentiani.
2385 1519 2474 1563 Sed
2504 1531 2562 1562 ex

328 1595 494 1640 eodem
525 1596 649 1638 fonte
677 1607 889 1637 manasse
918 1595 1105 1647 videtur,
1136 1608 1225 1650 quo
1255 1596 1329 1638 ille
1359 1596 1519 1650 codex,
1551 1596 1627 1651 qui
1657 1596 1809 1636 manui
1839 1595 1967 1638 alteri
1987 1596 2277 1638 Laurentiani
2307 1595 2560 1650 propositus

329 1671 424 1714 fuit.
484 1670 822 1726 Propinquitate
850 1669 1101 1713 Parisinum
1133 1673 1352 1727 attingere
1383 1672 1677 1726 cognovimus

522 1736 524 1739 ’
556 1746 609 1795 3)
641 1745 868 1802 Josephi
898 1745 1174 1802 Scaligeri
1216 1747 1417 1789 codicem
1448 1745 1604 1802 (Scal.)
1662 1745 1713 1788 In
1745 1746 2012 1789 bibliotheca
2039 1746 2392 1801 Guelferbytana
2421 1756 2561 1788 asser-

328 1825 460 1866 vatur
489 1821 726 1878 exemplar
755 1821 961 1865 editionis
992 1822 1196 1876 Aldinae,
1226 1823 1351 1865 cuius
1382 1823 1573 1878 margini
1601 1822 1640 1864 J.
1657 1821 1860 1877 Scaliger
1889 1822 2038 1864 varias
2067 1822 2282 1865 lectiones
2315 1820 2560 1877 adscripsit.

325 1896 459 1955 Quae
488 1897 545 1941 ad
576 1897 840 1954 opusculum
872 1897 1031 1941 Galeni
1062 1899 1307 1954 pertinent,
1353 1911 1432 1941 eas
1462 1899 1524 1952 is,
1556 1898 1631 1954 qui
1662 1897 1958 1941 bibliothecae
1988 1901 2188 1953 praeest,
2233 1896 2285 1940 D.
2317 1897 2373 1940 de
2400 1896 2561 1942 Heine-

328 1986 466 2018 mann
497 1985 678 2017 summa
707 1973 982 2017 humanitate
1010 1975 1054 2017 in
1086 1986 1216 2017 usum
1246 1987 1398 2017 meum
1430 1974 1674 2030 exscripsit.
1733 1973 1834 2017 Hae
1861 1974 1924 2016 ita
1953 1977 2056 2016 sunt
2084 1976 2398 2030 comparatae,
2427 1975 2477 2015 ut
2503 1972 2561 2015 fa·

330 2046 417 2091 eile
444 2045 734 2103 intellegatur
749 2048 1027 2106 Scaligerum
1060 2049 1215 2094 codice
1244 2063 1374 2093 usum
1406 2062 1507 2094 esse
1537 2062 1614 2105 eo,
1646 2051 1720 2107 qui
1743 2050 1943 2092 Parisino
1975 2062 2112 2106 quam
2127 2049 2433 2092 Laurentiano
2462 2060 2560 2105 pro-

327 2123 537 2180 pinquior
562 2122 658 2168 fuit.
717 2126 831 2168 Nam
860 2129 1039 2182 praeter
1067 2126 1278 2170 lectiones
1320 2127 1387 2169 his
1426 2138 1689 2169 communes
1720 2126 1952 2169 adnotavit
1981 2125 2252 2181 complures,
2297 2137 2413 2180 quae
2442 2124 2560 2167 Pari-

325 2199 415 2242 sini
442 2192 651 2256 propriae
689 2205 805 2243 sunt.
865 2202 992 2245 Aliae
1030 2214 1183 2244 rursus
1214 2213 1297 2245 nec
1334 2203 1380 2244 in
1410 2202 1445 2244 L
1475 2214 1560 2245 nec
1591 2204 1634 2244 in
1663 2202 1698 2244 P
1728 2203 1958 2257 leguntur,
2002 2213 2120 2257 quae
2150 2202 2370 2259 incertum
2405 2203 2472 2243 est
2501 2212 2561 2243 ex

328 2275 509 2330 ingenio
540 2277 635 2319 eius
680 2289 739 2319 an
770 2289 797 2320 e
827 2278 1001 2332 codice,
1046 2290 1180 2333 quem
1227 2278 1472 2333 excerpsit,
1520 2279 1606 2319 sint
1643 2278 1889 2334 profectae,
1934 2277 2057 2320 velut
2094 2291 2135 2333 p.
2165 2276 2220 2321 53
2258 2280 2370 2319 extr.
2399 2275 2561 2333 ταύτης

327 2349 519 2406 (ταύτην
550 2350 658 2407 LP),
688 2366 730 2407 p.
762 2353 817 2396 55
857 2354 916 2395 in.
958 2354 1178 2397 καλοῦσιν
1213 2351 1550 2401 (ἀποκαλοῦσιν
1578 2353 1700 2408 LP),
1741 2367 1783 2408 p.
1812 2354 1868 2397 56
1905 2357 2005 2408 post
2043 2355 2100 2394 in.
2150 2350 2238 2411 ὅτῳ
2272 2350 2416 2409 (οὕτω
2447 2351 2560 2405 LP),

327 2425 432 2469 ibid.
461 2426 658 2478 πολλοὺς
692 2428 869 2476 (πολλῶ
899 2429 1011 2481 LP),
1044 2443 1084 2485 p.
1117 2428 1172 2473 60
1210 2433 1311 2485 post
1340 2429 1457 2472 med.
1488 2427 1537 2479 ὃς
1566 2429 1624 2472 ἄν
1656 2425 1740 2485 (ὥς
1771 2428 1829 2473 ἄν
1858 2428 1968 2486 LP),
2027 2429 2126 2471 Hae
2163 2429 2199 2471 si
2239 2427 2419 2487 ingenio
2449 2426 2561 2470 tanti

328 2503 410 2545 viri
439 2502 679 2557 debentur,
709 2508 883 2547 ceteras
915 2518 941 2548 e
971 2505 1174 2547 Parisino
1207 2510 1444 2560 excerptas
1476 2517 1576 2547 esse
1607 2510 1804 2548 statuere
1833 2506 1956 2560 licet,
1996 2510 2041 2547 at
2071 2506 2284 2560 quoniam
2315 2504 2422 2546 nihil
2453 2505 2560 2546 certi

328 2577 415 2622 hac
444 2577 503 2621 de
530 2591 580 2622 re
609 2581 805 2634 constat,
834 2593 931 2623 rem
962 2581 1007 2623 in
1039 2580 1188 2624 medio
1221 2581 1539 2635 relinquamus.

555 2654 743 2698 LPScal.
793 2659 943 2698 autem
992 2668 1267 2711 quamquam
1317 2660 1419 2698 sunt
1464 2658 1810 2711 praestantiores
1854 2657 2037 2710 Aldina,
2088 2661 2239 2698 tamen
2279 2667 2369 2698 non
2414 2667 2561 2710 pauca

326 2729 495 2772 menda
523 2733 568 2772 et
606 2731 714 2772 vitia
743 2744 843 2774 cum
874 2744 931 2774 ea
961 2734 1220 2775 communia
1257 2732 1424 2775 habere
1463 2745 1521 2774 ex
1552 2732 1841 2775 adnotatione
1871 2733 2026 2775 critica
2054 2744 2158 2774 mea
2187 2734 2396 2787 apparet,
2441 2730 2560 2773 unde

326 2806 540 2862 cognosci
571 2809 715 2863 potest
750 2807 850 2849 illos
881 2807 1057 2850 codices
1088 2812 1134 2850 et
1163 2808 1363 2851 codicem
1394 2808 1584 2850 Aldinae
1621 2809 1677 2850 ad
1709 2820 1949 2851 commune
1978 2808 2255 2864 archetypon
2275 2806 2338 2863 ¹⁰)
2371 2807 2561 2850 referen-

472 2915 517 2959 9)
547 2914 589 2951 ln
614 2913 784 2952 Historia
807 2915 961 2954 Literar.
989 2927 1050 2963 ap.
1077 2915 1224 2954 Kuehn.
1251 2917 1266 2953 1
1292 2927 1327 2962 p.
1356 2915 1476 2953 LXXI
1502 2916 1623 2954 codex
1649 2927 1802 2954 numero
1827 2917 1924 2955 2169
1950 2915 2049 2953 falso
2074 2916 2246 2962 signatus
2274 2919 2344 2953 est.

450 2984 512 3029 10)
539 2981 665 3028 Idem,
701 2983 804 3031 quod
829 2984 878 3022 de
902 2985 994 3030 illis,
1022 2985 1070 3023 de
1098 2985 1210 3023 codd.
1237 2983 1457 3030 Goulstoni‚
1497 2995 1722 3032 quamquam
1747 2985 1998 3032 paucissimae
2023 2984 2206 3022 lectiones
2232 2994 2279 3022 ex
2304 2983 2351 3021 iis
2379 2987 2558 3021 enotatas

323 3055 431 3096 sunt,
457 3050 638 3100 colligere
665 3051 764 3089 licet.
