2891 3624
410 489 416 498 ’
490 468 494 472 ’
564 473 698 519 Anno
726 473 841 520 1640
866 471 1056 518 Londini
1094 471 1174 517 Th.
1213 472 1416 516 Gataker
1455 472 1630 517 edidit‘
1644 473 1849 517 Galeni
1894 474 2168 531 opuscula
2207 476 2365 520 varia
2400 488 2443 520 a.
2469 475 2563 521 Th.

228 542 232 549 ’
305 527 683 623 ’Θῡίιῃίόοω
719 547 936 594 medico
964 548 1315 602 Londinensi‚
1356 561 1558 604 graece
1587 550 1893 595 recensita&
1952 549 2030 606 Id,
2073 549 2133 594 de
2161 563 2252 608 quo
2290 552 2562 609 quaerimus,

306 610 522 685 difflui·
530 622 637 670 inde
678 637 710 671 a
726 626 840 682 pag.
867 624 938 679 25.
994 624 1137 667 Huius
1180 627 1351 667 textum
1384 624 1658 668 Goulstonus
1694 637 1785 668 non
1825 625 1970 670 solum
2001 626 2275 669 coniecturis
2302 627 2561 682 emendare,

292 697 422 761 [sd
449 700 587 746 etiam
613 699 673 763 ad
711 695 919 745 codicum
948 699 1231 757 quorundam
1262 699 1396 743 fldem
1435 711 1672 743 recensere
1706 701 1883 745 studuit.
1942 701 1999 745 At
2029 701 2242 757 quoniam
2272 701 2454 758 plenum
2483 714 2561 760 ap-

269 803 272 805 >
335 772 545 842 peanum
575 757 800 829 criticum,
837 775 913 832 qui
937 775 978 819 ei
1006 778 1185 831 praesto
1223 778 1342 828 erat,
1386 774 1525 818 noluit
1554 775 1598 817 in
1629 775 1824 819 medium
1855 776 2075 831 proferre,
2107 787 2357 833 perpaucas
2388 779 2559 821 tantum

295 905 300 908 .
335 838 553 896 lectiones
582 861 610 894 e
639 850 867 895 codicibus
895 851 986 893 suis
1015 850 1236 901 enotavit,
1274 849 1392 905 quod
1425 861 1480 892 eo
1512 851 1655 904 magis
1685 850 1927 893 dolendum
1958 855 2050 902 est,
2081 864 2180 895 cum
2213 863 2292 895 eos
2322 851 2455 894 hodie
2485 851 2560 894 de·

333 923 540 982 perditos
564 938 665 969 esse
694 938 775 981 pro
805 928 926 969 certo
956 923 1110 967 baberi
1140 925 1289 979 possit.
1338 923 1549 967 Adhibuit
1579 925 1697 967 enim
1731 924 1788 968 ad
1810 928 1959 968 textus
1989 926 2356 981 recognitionem,
2387 929 2435 969 ut
2464 925 2561 982 ipse

332 1001 424 1052 ait,
453 1002 670 1056 quatuor:
701 1001 890 1056 Adelphi
921 1000 1121 1043 codicem
1156 1000 1218 1054 (A
1228 1000 1293 1055 d.)
1305 1034 1316 1052 ,
1345 1001 1518 1054 regium
1552 1000 1621 1042 vel
1653 1000 1948 1043 bibliothecae
1977 1002 2097 1058 regis
2124 1000 2367 1045 Britannici
2398 1002 2467 1056 (R
2477 1001 2560 1057 e.),

334 1075 668 1129 londinensem
694 1075 917 1131 (Lond.),
948 1076 1107 1118 Veneti
1127 1073 1297 1130 (Ven.)
1314 1075 1637 1130 apographum.
1669 1075 1724 1118 Hi
1754 1077 1827 1118 ubi
1849 1081 2012 1127 essent,
2043 1077 2255 1132 quoniam
2285 1077 2329 1119 in
2349 1077 2561 1120 Darem·

331 1151 491 1207 ''bergi
506 1151 741 1195 ‘Notices
765 1155 818 1194 et
837 1151 1078 1193 Exti-aits
1104 1152 1195 1193 des
1215 1151 1550 1193 Manuscrits
1571 1151 1871 1195 medicaux.
1902 1151 1955 1193 Ι“·Ε
1973 1152 2018 1195 P.
2038 1152 2375 1195 Manuscrits
2392 1151 2559 1196 Grecs

293 1276 296 1279 Δ
331 1227 376 1271 d’
394 1227 750 1284 Angleterre'
781 1240 870 1270 nou
900 1228 1099 1283 repperi,
1142 1226 1376 1282 Spiegelii,
1409 1226 1609 1281 collegae
1641 1227 1968 1281 humanissimi,
2008 1233 2164 1284 rogatu
2194 1229 2275 1271 viri
2305 1228 2560 1281 doctissimi,

280 1305 282 1309 ’
332 1303 488 1360 quiin
528 1303 804 1347 bibliothecis
834 1302 1188 1346 Londinensibus
1237 1303 1422 1345 multum
1462 1304 1626 1346 versati
1667 1309 1787 1356 sunt,
1832 1304 2026 1348 Haasius
2057 1310 2101 1348 et
2130 1305 2334 1356 Rostius,
2381 1315 2559 1347 summa

333 1384 481 1436 nuper
510 1379 738 1435 diligentia
767 1381 1106 1435 inquisiverunt,
1139 1379 1214 1420 sed
1250 1392 1307 1420 ne
1338 1380 1571 1432 vestigium
1608 1380 1786 1433 quidem
1819 1392 1975 1422 eorum
2009 1383 2286 1422 invenerunt.
2344 1380 2440 1422 Nec
2468 1392 2560 1421 ma-

331 1456 406 1510 gis
434 1466 650 1510 prospere
678 1467 750 1497 res
780 1455 913 1496 cessit
941 1453 1164 1496 Guilelmo
1197 1454 1446 1502 Greenhill,
1488 1453 1662 1496 medico
1693 1455 2010 1505 eruditissimo,
2055 1457 2129 1510 qui
2160 1468 2260 1498 cum
2291 1455 2348 1496 de
2376 1454 2561 1496 historia

333 1529 587 1583 medicinae
613 1534 705 1572 tum
726 1529 783 1572 de
802 1530 960 1572 Galeni
984 1530 1156 1583 scriptis
1178 1530 1292 1571 bene
1311 1530 1491 1570 meritus
1515 1534 1594 1580 est,
1626 1531 1830 1583 quamvis
1848 1542 1937 1572 non
1970 1531 2114 1573 minus
2136 1532 2310 1573 curiose
2328 1531 2559 1585 quaerenti

334 1610 475 1660 atque
504 1607 641 1649 etiam
672 1604 857 1658 Oxonii‚
889 1605 962 1647 ubi
993 1617 1070 1656 ea,
1115 1617 1232 1659 quae
1263 1603 1534 1646 Goulstonus
1566 1605 1730 1660 scripta
1759 1605 1955 1660 reliquit,
1994 1619 2112 1648 nunc
2142 1609 2453 1659 asservantur,
2498 1606 2559 1647 in-

332 1680 535 1736 daganti.
594 1680 816 1738 Equidem
845 1680 942 1723 iilos
974 1679 1150 1722 codices
1191 1682 1278 1721 iam
1310 1682 1541 1736 superiore
1570 1680 1752 1723 saeculo
1783 1682 2002 1723 interiisse
2034 1681 2134 1723 ideo
2166 1683 2390 1738 suspicor,
2440 1680 2559 1736 quod

331 1767 420 1798 nec
451 1754 618 1810 Oarley
665 1767 748 1798 nec
777 1755 1019 1809 Ayscough
1051 1757 1094 1795 in
1138 1756 1352 1809 catalogis
1394 1768 1422 1796 a
1466 1768 1514 1796 se
1562 1756 1687 1796 editis
1731 1756 1881 1807 (1734,
1914 1756 2045 1807 1782)
2089 1768 2244 1798 eorum
2286 1758 2560 1797 mentionem

333 1830 470 1873 ullam
511 1831 692 1874 faciunt.
752 1831 822 1872 Ex
852 1830 1040 1886 Adelphi
1085 1830 1265 1885 quidem
1305 1830 1458 1872 codice
1498 1843 1609 1885 quas
1649 1831 1921 1873 Goulstonus
1962 1832 2196 1886 exscripsit
2233 1832 2475 1886 scripturas
2506 1853 2559 1863 --

326 1911 507 1949 ceteros
539 1906 668 1949 codd.
699 1907 794 1948 fere
825 1917 1004 1960 prorsus
1035 1906 1208 1947 silentio
1240 1907 1539 1960 praetermisit
1571 1930 1615 1935 —
1634 1938 1645 1957 ,
1677 1918 1754 1947 eas
1785 1907 1899 1947 infra
1928 1907 2237 1949 indicabimus.

557 1979 668 2024 Post
696 1980 992 2024 Goulstonum
1024 1993 1162 2035 opera
1192 1980 1350 2023 Galeni
1390 1980 1525 2022 edidit
1553 1980 1800 2023 Renatus
1832 1981 2155 2024 Charterius
2185 1981 2560 2024 vindocinen·

328 2057 413 2110 -sis
449 2055 578 2113 (oh).
637 2055 681 2100 Is
711 2056 798 2099 vol.
827 2055 870 2099 11
908 2057 1012 2099 inde
1043 2069 1071 2098 a
1102 2071 1142 2112 p.
1174 2055 1256 2100 356
1294 2056 1491 2099 libellum
1535 2056 1593 2098 de
1625 2057 1796 2099 medico
1837 2057 2097 2112 philosopho
2131 2057 2355 2100 edendum
2388 2057 2560 2099 curavit

330 2132 539 2185 (Parisiis
569 2132 724 2190 1679J3
755 2138 802 2175 at
831 2133 937 2175 nihil
968 2134 1051 2174 nisi
1082 2136 1252 2174 textum
1285 2132 1488 2175 editionis
1508 2132 1778 2175 Basileensis
1808 2136 1986 2175 secutus
2020 2137 2110 2186 est,
2141 2145 2273 2188 quem
2304 2133 2367 2175 ita
2396 2137 2558 2174 retrac-

329 2209 452 2261 tavit,
481 2212 530 2251 ut
555 2212 734 2264 praeter
754 2220 900 2265 pauca
927 2208 1093 2251 menda
1116 2209 1285 2250 leviora
1304 2207 1479 2249 sublata
1502 2207 1621 2260 nihil,
1652 2209 1768 2262 quod
1787 2212 1938 2250 notatu
1961 2208 2143 2262 dignum
2164 2213 2296 2260 esset,
2328 2208 2384 2250 ad
2411 2219 2559 2250 emen-

329 2282 558 2327 dationem
589 2287 737 2327 textus
768 2285 1016 2326 contulerit.

558 2357 694 2402 Multo
736 2360 895 2402 melius
926 2358 1184 2409 Coraesfl
1228 2371 1506 2413 quamquam
1555 2372 1610 2401 ne
1655 2361 1748 2414 ipse
1788 2359 1966 2413 quidem
2016 2359 2170 2402 codice
2201 2359 2289 2401 ullo
2321 2371 2428 2401 usus
2459 2370 2558 2401 esse

323 2559 437 2596 cendi
458 2569 610 2608 genere.
661 2560 769 2603 Quod
796 2561 961 2607 optimus
978 2560 1145 2595 medicus
1170 2559 1270 2594 idem
1299 2560 1348 2594 sit
1375 2565 1413 2595 et
1439 2559 1698 2604 philosophus.
1745 2560 1889 2597 Graece
1915 2565 1953 2597 et
1980 2561 2045 2596 lat.
2066 2560 2183 2596 Basil.
2213 2561 2319 2597 1566.
2341 2580 2385 2585 -
2413 2561 2557 2597 Graece

325 2639 374 2665 ex
398 2629 465 2665 off.
490 2629 551 2664 Fr.
577 2628 721 2664 Morelli
745 2630 850 2666 1577.
878 2648 921 2653 ——
962 2629 1109 2663 Graece
1135 2632 1172 2663 et
1198 2639 1281 2663 cum
1309 2627 1421 2663 libro:
1473 2628 1626 2663 Exhoio.
1660 2629 1722 2663 ad.
1750 2629 1843 2665 disc.
1872 2630 1960 2664 bon.
1987 2634 2057 2664 art.
2083 2628 2180 2664 stud.
2205 2628 2269 2664 Jo.
2296 2629 2456 2664 Posselii
2482 2631 2556 2665 Ro-

324 2695 448 2734 stoch.
478 2692 584 2734 1591.
602 2715 643 2723 -
672 2695 766 2732 Sixti
782 2696 932 2732 Arcerii
960 2697 1085 2732 versio
1111 2696 1230 2731 latina
1255 2708 1287 2731 c.
1304 2696 1403 2731 notis
1429 2695 1607 2739 eiusdem,
1634 2697 1671 2732 in
1701 2697 1837 2742 quibus
1860 2701 1985 2734 textus
2009 2706 2135 2743 graec.
2163 2696 2297 2741 partim
2324 2696 2555 2741 emendatur,

324 2765 462 2811 parum
486 2764 695 2802 illustratur
718 2775 751 2801 c.
778 2763 925 2802 adhort.
954 2764 1088 2802 Galeni
1113 2763 1163 2801 ad
1191 2768 1303 2801 artes.
1354 2762 1592 2801 Franckerae
1621 2765 1725 2803 1616.

471 2854 516 2900 5)
545 2856 644 2891 Inter
669 2853 901 2891 Chai-terium
926 2859 965 2891 et
993 2854 1150 2891 Coraem
1176 2853 1308 2889 incidit
1332 2853 1372 2890 C.
1401 2852 1666 2900 Sprengelius‚
1704 2854 1768 2900 qui
1794 2853 1914 2889 Halae
1941 2854 2034 2891 1788
2069 2853 2291 2899 opusculum
2318 2852 2453 2890 Galerii
2478 2852 2556 2889 ⁴Ph.

323 2921 385 2958 Fr.
410 2920 608 2967 leckelio,
629 2931 718 2959 ‘cum
745 2920 871 2959 fasces
894 2921 1005 2959 acad.
1031 2921 1227 2965 obtineret,
1254 2920 1566 2967 gratulabundus’
1592 2932 1734 2968 graece
1759 2925 1798 2958 et
1817 2921 1933 2958 latine
1959 2919 2088 2958 edidit.
2137 2918 2195 2957 At
2220 2919 2331 2958 huius
2356 2920 2554 2967 scriptiun-

321 2989 435 3027 culae
465 2989 657 3038 exemplar
693 3000 742 3028 ne
768 2989 889 3028 Halae
914 2989 1063 3037 quidem
1102 2999 1329 3037 quamquam
1360 3000 1503 3027 summo
1543 2989 1670 3026 studio
1705 2990 1742 3026 in
1772 2999 1878 3026 usum
1917 2999 2038 3027 meum
2070 2994 2313 3036 perscrutans
2338 2988 2384 3026 H.
2411 2988 2555 3027 Keilius

323 3056 502 3104 repperit.
