2891 3624
150 450 365 507 §0¹
377 444 616 515 „mnam
643 463 753 497 ω
773 456 950 510 ponet,
997 465 1057 498 ox
1086 454 1182 497 eius
1213 454 1386 510 scriptis
1415 454 1598 510 vitaque
1638 465 1694 497 ac
1722 452 1921 497 moribus
1950 452 2145 510 prohare
2172 451 2258 498 ”bl
2284 412 2531 511 l'fflm‘·

227 562 230 564 v
304 518 501 577 ffltmt
527 530 680 574 antem
711 529 1025 588 quaestionem
1055 529 1144 583 ita,
1173 532 1223 572 ut
1252 530 1466 587 principio
1498 530 1648 573 mirari
1677 541 1727 573 se
1758 521 1948 583 diceret,
1968 527 2084 585 quid
2114 533 2254 585 esset,
2284 528 2405 586 quod
2436 531 2531 574 tam

271 610 274 613 '
305 599 436 669 mlh
466 604 638 650 medici
664 603 986 662 Hippocratem
1026 605 1262 648 laudarent
1300 619 1354 649 ac
1384 607 1628 663 principem
1667 605 1938 649 medicorum
1976 617 2078 648 esse
2107 605 2417 649 existimarent
2444 617 2533 650 nee

291 674 473 736 ,aaron
494 681 592 724 eius
626 683 873 737 praecepta
912 684 1207 737 sequerentur
1245 681 1317 724 vel
1361 684 1506 737 ipsum
1537 683 1829 723 imitarentur.
1887 680 2047 736 Neque
2090 682 2207 723 enim
2239 692 2318 723 eos
2347 681 2530 724 studere

301 746 368 799 iis
389 754 654 814 disciplinis,
685 767 800 813 quas
829 755 906 799 ille
935 757 998 810 ei,
1029 757 1106 812 qui
1136 757 1308 799 futurus
1339 760 1458 799 esset
1487 757 1700 810 medicus,
1732 757 1885 811 utique
1914 756 2196 799 necessarias
2226 767 2328 799 esse
2357 755 2531 799 docuis-

262 816 267 821 ⁴
303 829 395 885 iet,
441 829 564 875 velut
594 833 917 876 astronomiam
959 832 1030 875 vel
1061 845 1185 887 eam,
1232 845 1350 888 quae
1381 833 1437 875 ad
1469 823 1677 875 naturam
1711 833 1910 888 corporis
1940 833 2125 874 humani
2168 831 2528 887 investigandam

223 962 236 975 ζ
303 895 553 977 φθαρτοὶ,
581 909 656 957 vel
686 912 831 952 artem
862 909 1080 964 logicaml,
1112 922 1197 951 nec
1223 914 1363 952 artem
1396 912 1537 965 ipsam
1570 908 1778 951 medendi
1808 910 1871 950 ita
1898 909 2120 961 factitare,
2151 908 2529 964 quemadmodum

301 984 632 1041 praecepisset,
669 986 835 1042 quippe
864 986 940 1042 qui
969 985 1167 1027 medicos
1199 985 1269 1027 vel
1310 986 1508 1041 inprimis
1541 989 1588 1026 ut
1619 988 1663 1025 et
1693 984 1749 1025 ad
1780 985 2021 1040 prognosin
2055 985 2255 1027 animum
2287 984 2531 1039 dirigerent

303 1062 349 1102 et
375 1060 517 1103 victus
534 1061 757 1104 rationem
783 1061 842 1104 ad
860 1061 1004 1103 morbi
1026 1062 1242 1117 cuiusque
1265 1066 1471 1103 naturam
1499 1060 1908 1114 accommodarent,
1942 1061 2208 1115 monuisset3
2240 1061 2377 1116 quid?
2407 1060 2527 1116 quod

226 1132 232 1137 “
302 1135 361 1178 ab
388 1136 638 1180 imitatione
666 1136 951 1198 Hippocratis
984 1137 1100 1180 adeo
1131 1139 1447 1191 abhorrerent,
1493 1143 1540 1179 ut
1571 1149 1673 1190 eOS,
1706 1138 1782 1192 qui
1813 1149 1915 1179 eum
1948 1137 2303 1189 aemularentur,
2334 1136 2406 1179 vel
2434 1137 2527 1178 irri-

300 1210 460 1265 derent
488 1208 730 1256 vel‘etiam
754 1214 1109 1256 insectarentur?
1152 1213 1348 1257 Causam
1380 1214 1508 1256 huius
1539 1215 1603 1257 rei
1634 1226 1723 1256 non
1744 1213 1999 1269 ponendam
2021 1216 2175 1255 censet
2202 1213 2246 1254 in
2278 1212 2528 1255 defectione

299 1281 461 1332 virium
497 1277 686 1346 ingenii,
735 1302 826 1346 qua
864 1291 962 1347 quis
992 1290 1199 1333 laborare
1246 1292 1404 1333 aetatis
1447 1303 1557 1333 suae
1603 1291 1804 1333 homines
1854 1290 2112 1332 existimare
2155 1293 2306 1345 posset
2337 1313 2388 1319 —
2420 1301 2527 1331 nam

301 1363 462 1407 eadem
492 1363 799 1424 indolenasci
828 1366 1054 1420 homines,
1085 1378 1175 1422 qua
1205 1367 1309 1408 olim
1344 1391 1375 1396 -
1405 1397 1415 1415 ,
1447 1367 1524 1407 sed
1557 1369 1599 1407 in
1633 1378 1710 1416 eo,
1743 1366 1860 1421 quod
1892 1368 1936 1406 in
1971 1367 2198 1406 communi
2228 1365 2330 1406 labe
2358 1364 2527 1407 saeculi

298 1439 502 1498 plerique
523 1430 777 1485 diritiarum
800 1442 1169 1499 voluptatumque
1200 1442 1344 1485 studio
1370 1443 1539 1498 abrepti
1571 1442 1739 1484 nollent
1765 1454 1979 1485 exercere
2011 1446 2151 1484 artem
2178 1441 2236 1483 ad
2266 1441 2524 1497 exemplum

297 1506 597 1575 Hippocratis.
656 1517 774 1560 Nihil
816 1519 934 1560 enim
982 1520 1126 1574 magis
1156 1520 1272 1561 inter
1312 1530 1361 1560 se
1402 1519 1658 1574 discrepare
1698 1530 1831 1574 quam
1871 1518 2047 1559 illarum
2090 1529 2236 1559 rerum
2277 1518 2525 1576 studiosum

300 1595 405 1635 esse
437 1596 483 1635 et
513 1593 725 1636 medendi
754 1599 897 1635 artem
928 1594 1136 1650 profiteri.
1177 1594 1307 1635 Hanc
1339 1595 1471 1646 enim,
1505 1606 1621 1649 quae
1653 1595 1782 1634 unice
1815 1594 1946 1634 saluti
1976 1594 2207 1635 hominum
2238 1594 2527 1649 prospiceret,

298 1653 525 1711 summam
555 1669 872 1730 abstinentiam
904 1671 1316 1725 continentiamque
1348 1674 1391 1711 et
1421 1671 1586 1711 laboris
1619 1670 1924 1711 assiduitatem
1957 1670 2208 1724 requirere,
2239 1670 2422 1711 virtutes
2452 1681 2525 1724 pe·

299 1731 462 1787 cliniae
491 1743 692 1787 aviditati
730 1745 1052 1801 libidinumque
1089 1746 1462 1800 intemperantiae
1493 1746 1690 1787 maxime
1724 1747 1983 1787 contrarias.
2043 1743 2175 1799 Quod
2205 1744 2412 1799 exemplo
2443 1756 2526 1786 suo

297 1813 619 1876 Hippocratem
649 1817 851 1863 Galenus
882 1824 999 1864 tecte
1041 1821 1174 1863 docet
1203 1820 1547 1875 comprobasse,
1594 1822 1669 1876 qui
1700 1821 1907 1863 omnibus
1939 1820 2193 1875 postpositis
2223 1820 2344 1862 vitae
2372 1820 2524 1862 iucun-

299 1894 508 1939 ditatibus
540 1895 789 1939 abhorrens
819 1909 848 1938 a
877 1902 1088 1954 quaestus
1135 1896 1278 1938 studio
1309 1908 1392 1938 nec
1435 1896 1603 1938 ‘limina
1642 1896 1955 1952 potentiorum'
1985 1908 2194 1950 premens
2223 1899 2365 1938 terras
2394 1907 2524 1951 pera·

297 1974 471 2028 grasset
498 1981 554 2015 eo
585 1971 789 2025 consilio,
822 1974 869 2014 ut
898 1970 1112 2027 locorum,
1144 1972 1278 2026 caeli,
1311 1984 1529 2026 aquarum
1560 1976 1767 2014 naturam
1800 1976 1958 2028 atque,
1989 1972 2064 2028 qui
2094 1983 2153 2014 ex
2182 1971 2341 2014 harum
2372 1983 2522 2014 rerum

295 2046 563 2106 intemperie
592 2051 889 2107 nascerentur
918 2047 1076 2099 morbi,
1107 2050 1380 2105 perspiceret
1410 2055 1738 2105 perspectaque
1768 2048 1920 2090 litteris
1952 2048 2202 2090 mandaret.
2242 2046 2362 2090 Talis
2391 2048 2525 2104 igitur

298 2125 375 2180 qui
402 2124 574 2167 futurus
604 2128 726 2168 esset
754 2124 980 2179 medicus,
1016 2137 1118 2167 eum
1151 2129 1195 2167 et
1226 2126 1419 2167 veritatis
1458 2125 1705 2168 studiosum
1737 2129 1781 2168 et
1811 2128 2139 2181 temperantem
2173 2136 2275 2167 esse
2304 2127 2521 2179 oportere.

295 2198 386 2244 Sed
415 2201 610 2247 eundem
640 2201 687 2244 in
707 2200 859 2255 logica
882 2213 1061 2257 quoque
1092 2204 1187 2243 arte
1217 2202 1508 2244 exercitatum
1539 2214 1639 2244 esse
1661 2202 1844 2254 debere3
1875 2203 1939 2244 sic
1972 2201 2155 2243 demum
2188 2205 2323 2256 posse
2352 2212 2524 2255 genera

297 2279 343 2319 et
371 2276 546 2332 species
576 2276 837 2320 morborum
864 2277 1031 2332 optime
1060 2276 1322 2331 dignoscere
1352 2280 1488 2332 atque
1520 2278 1750 2332 aptissima
1781 2288 1990 2332 quaeque
2017 2275 2218 2319 remedia
2247 2275 2415 2318 morbis
2447 2275 2522 2317 ad·

295 2349 451 2394 hibere
480 2353 526 2394 et
554 2353 762 2394 naturam
794 2352 994 2407 corporis
1025 2351 1208 2394 humani
1240 2363 1464 2407 usumque
1496 2352 1684 2406 partium
1717 2352 1815 2394 eius
1846 2351 1920 2393 via
1947 2363 2001 2394 ac
2032 2351 2205 2394 ratione
2236 2361 2519 2406 pernoscere.

294 2427 366 2469 Ex
396 2422 556 2483 quibus
584 2428 720 2470 rebus
751 2427 881 2480 effici,
913 2431 961 2468 ut
989 2428 1030 2469 ei
1061 2437 1149 2469 tres
1179 2427 1283 2469 illae
1314 2432 1478 2481 partes,
1509 2429 1553 2468 in
1581 2440 1692 2482 quas
1713 2427 1852 2470 divisa
1883 2431 2003 2469 esset
2033 2425 2327 2482 philosophia,
2358 2425 2520 2480 logica,

295 2502 506 2559 physica,
535 2503 703 2557 ethica,
748 2503 975 2546 tenendae
1005 2502 1312 2558 colendaeque
1342 2506 1503 2545 essent.
1564 2502 1679 2544 Nam
1698 2534 1709 2554 ,
1752 2504 1786 2544 si
1819 2503 1916 2558 quis
1948 2502 2290 2558 temperantiam
2339 2501 2519 2556 coleret,

297 2577 493 2622 eundem
535 2579 719 2622 omnino
766 2591 943 2621 morum
989 2579 1220 2621 honestate
1261 2579 1482 2620 excellere
1527 2579 1598 2621 vel
1640 2592 1697 2620 ex
1729 2591 1783 2621 eo
1831 2579 2011 2629 confici,
2056 2578 2195 2633 quod,
2241 2577 2317 2619 illa
2360 2579 2523 2619 virtute

293 2655 369 2710 qui
416 2654 644 2710 praeditus
686 2657 826 2705 esset,
872 2666 974 2696 eum
1015 2658 1060 2696 et
1096 2655 1258 2696 iustum
1305 2666 1407 2696 esse
1452 2658 1677 2708 oporteret
1726 2658 1769 2696 et
1814 2655 1973 2697 ceteris
2016 2657 2223 2696 ornatum
2271 2652 2519 2706 virtutibus,

294 2715 461 2786 quippe
489 2741 609 2786 quae
637 2741 796 2773 omnes
827 2730 1076 2772 arctissimo
1107 2730 1222 2771 inter
1250 2741 1301 2771 se
1339 2729 1516 2772 vinculo
1548 2734 1698 2772 essent
1737 2742 1955 2772 conexae.
2015 2729 2136 2783 Ergo
2176 2729 2252 2784 qui
2283 2739 2390 2770 vere
2418 2739 2518 2782 pro·

292 2805 479 2862 prieque
509 2805 708 2849 medicus
747 2809 889 2860 esset,
938 2806 1150 2861 quoniam
1190 2807 1233 2848 in
1265 2818 1320 2848 eo
1360 2809 1478 2848 esset
1507 2806 1724 2848 subtilitas
1770 2804 2037 2859 disserendi,
2086 2804 2279 2860 cognitio
2326 2806 2518 2846 naturae

289 2892 441 2924 rerum
471 2884 517 2924 et
545 2882 745 2938 corporis
774 2881 984 2935 humani,
1027 2881 1220 2937 denique
1263 2893 1438 2923 morum
1468 2882 1721 2937 integritas,
1770 2886 1890 2924 recte
1928 2880 2243 2937 philosophum
2285 2883 2331 2921 et
2359 2877 2515 2934 esse³)

385 3045 429 3091 3]
457 3044 502 3081 In
526 3044 637 3082 simili
662 3044 852 3083 sententia
876 3047 936 3082 est
961 3048 1094 3081 auctor
1118 3043 1233 3081 libelli
1260 3046 1350 3092 περὶ
1376 3043 1684 3091 εὐσχημοσύνης,
1711 3044 1774 3091 qui
1802 3043 2045 3091 Hippocratis
2071 3053 2206 3080 nomen
2230 3041 2314 3080 fert·
2348 3041 2405 3078 Cf.
2431 3051 2464 3078 c.
2491 3041 2516 3079 3
