2891 3624
1438 311 1506 372 18

356 466 488 525 ssiu
515 468 586 513 vel
615 469 817 516 eiusdem
845 470 1024 526 generis
1044 470 1258 527 colligens
1290 469 1497 526 exemplo
1518 469 1772 526 exemplum
1803 468 1866 513 ita
1895 470 2108 524 adnectit,
2138 474 2188 515 ut
2214 471 2273 516 ad
2290 484 2458 517 novum
2481 476 2582 518 tan-

359 535 501 603 qnam
529 557 620 590 non
638 546 796 591 minus
826 547 884 592 ad
919 547 1200 605 probandum
1244 547 1358 591 sorte
1388 547 1562 590 animos
1605 546 1848 603 legentium
1883 546 2055 591 adverti
2098 546 2214 591 velit.
2271 547 2369 594 Nec
2397 547 2582 595 multum

361 619 511 674 ‚differt
538 633 645 666 usus
673 621 961 666 formularum
993 623 1051 666 ab
1083 636 1167 666 usu
1197 623 1518 666 Particularum
1549 628 1710 678 atque
1746 625 1926 666 etiam.
1984 624 2206 679 Exempla
2233 625 2399 680 ubique
2426 625 2580 669 obvia:

361 696 417 741 ef.
446 695 511 741 de
538 697 660 741 Fae.
690 702 798 741 nat.
827 698 916 743 vol.
945 698 1009 752 II,
1039 714 1082 754 p.
1111 698 1185 744 58:
1215 701 1291 742 καὶ
1317 700 1401 754 μέν
1429 713 1481 752 γε
1509 701 1585 742 καὶ
1611 698 1663 742 τὸ
1691 701 1772 742 τοῦ·
1801 697 2020 753 γάλακτος
2047 716 2086 742 κ.
2115 715 2150 744 τ.
2183 699 2244 755 L,
2273 699 2376 744 ibid.
2407 714 2448 757 p.
2476 698 2578 746 156:

319 754 325 759 ἱ
357 774 437 817 καὶ.
461 773 545 828 μέν
571 787 624 826 γε
648 775 728 817 καὶ
755 771 801 818 εἰ
824 774 1059 830 σφαλείης,
1092 789 1132 829 p.
1163 773 1247 819 180
1275 778 1387 817 extr.
1419 778 1463 817 et
1492 777 1592 817 cett.

583 844 693 891 κατ’
723 847 850 905 εἴδη
879 863 939 892 τε
967 852 1059 892 καὶ
1085 850 1212 905 γένη
1243 848 1603 906 διαιρεῖσθαι
1629 848 1694 891 τὰ
1724 850 2036 905 νοσήματα]
2071 850 2137 892 de
2166 849 2309 893 Plac.
2340 851 2392 903 V,
2423 865 2465 906 p.
2495 850 2581 895 760

358 925 493 966 extu:
534 917 560 967 ὃ
581 919 879 981 Ἱπποκράτης
908 922 1121 980 ἔφθασεν
1150 921 1201 968 ἕν
1228 929 1290 983 τῷ
1319 927 1424 978 περὶ
1452 923 1622 980 διαίτης
1652 921 1794 975 ὀξέων
1829 924 1998 973 (locum
2029 924 2151 978 dicit,
2196 927 2271 980 qui
2308 928 2376 968 est
2402 927 2446 968 in
2475 925 2580 983 Hip-

357 1008 479 1052 poet.
505 997 566 1041 de
593 999 694 1042 vict.
725 1000 900 1043 ratione
927 1001 971 1042 in
1002 1000 1141 1042 moro.
1174 1004 1289 1042 aeut.
1324 1003 1346 1050 ἓ
1377 998 1426 1055 3)
1456 998 1752 1054 μεμψάμενος
1780 998 1884 1049 τοὺς
1913 998 2122 1049 Κνιδίους
2150 998 2333 1057 ἰατροὺς
2362 997 2421 1050 ὦς
2449 998 2578 1054 ἀγνο-

357 1073 522 1124 eduae
548 1070 630 1124 τὰς
655 1070 753 1137 κατ’
783 1072 879 1131 εἴδη
907 1076 984 1118 καὶ
1011 1078 1114 1131 γένη
1144 1072 1372 1131 διαφορὰς
1399 1077 1490 1116 τῶν
1518 1072 1798 1130 νοσημάτων.
1829 1074 1880 1116 cf.
1903 1073 2060 1116 Galeni
2092 1073 2342 1117 Comment.
2375 1075 2433 1116 ad
2462 1076 2579 1118 hunc

354 1145 639 1204 Hippocratis
669 1148 829 1193 librum
859 1148 946 1193 vol.
977 1147 1075 1204 XV,
1106 1162 1163 1205 pp
1202 1148 1297 1194 427.
1325 1148 1561 1193 433—438.
1600 1148 1792 1191 Method.
1826 1149 2060 1191 med.‘vol.
2089 1149 2145 1203 X,
2176 1163 2217 1206 p.
2233 1151 2298 1193 15.
2335 1149 2402 1192 Eo
2431 1151 2577 1205 igitur,

357 1222 478 1279 quod
505 1222 800 1280 Hippocrates
831 1224 936 1268 olim
966 1224 1164 1267 medicos
1195 1225 1352 1265 aetatis
1383 1236 1494 1266 suae
1523 1225 1786 1276 monuisset,
1817 1228 1939 1266 recte
1969 1229 2017 1265 ut
2046 1224 2294 1267 dividerent
2320 1225 2577 1267 morborum

354 1302 599 1355 generant
618 1299 805 1355 species,
835 1299 1027 1342 eundem
1047 1298 1244 1342 Galenus
1276 1304 1428 1342 censet
1458 1311 1557 1352 eos,
1589 1300 1664 1355 qui
1686 1311 1805 1341 nunc
1825 1303 1994 1352 essent,
2023 1300 2081 1342 ad
2098 1301 2241 1355 ipsam
2273 1304 2428 1354 artem,
2460 1312 2578 1355 quae

354 1377 476 1431 esset
502 1374 728 1419 dividendi
756 1387 811 1418 ac
839 1376 1078 1431 partiendi,
1123 1377 1396 1431 omninoque
1435 1375 1492 1418 ad
1527 1378 1729 1432 θεωρίαν
1772 1374 1952 1430 λογικήν
1996 1375 2229 1418 colendam
2276 1376 2576 1430 admonuisse,

353 1450 520 1506 quippe
549 1462 668 1505 quae
693 1463 813 1493 nunc
842 1451 1023 1494 demum
1054 1451 1233 1493 exculta
1263 1455 1392 1494 esset.

578 1525 1030 1582 προγιγνώσκειν
1064 1525 1130 1568 τά
1159 1541 1217 1569 τε
1245 1526 1497 1584 παρόντα
1528 1543 1566 1569 κ.
1598 1541 1635 1568 τ.
1665 1526 1727 1578 L]
1762 1525 2017 1580 Hippocr.
2056 1527 2335 1581 Prognost.
2369 1540 2406 1569 c.
2436 1528 2460 1570 1
2493 1526 2575 1583 (11,

353 1600 511 1657 11OL3
539 1600 574 1656 l,
604 1601 774 1656 127E):
806 1602 899 1646 Τὸν
928 1601 1080 1660 ἰητρὸν
1109 1602 1256 1647 δοκέει
1285 1617 1363 1658 μοι
1392 1602 1580 1658 ἄριστον
1611 1599 1728 1644 εἶναι
1756 1599 1979 1657 πρόνοιαν
2008 1597 2299 1658 ἐπιτηδεύειν·
2316 1603 2575 1660 »προγιγνώ-

352 1690 473 1721 πων
499 1677 586 1733 γὰρ
613 1673 692 1720 καὶ
712 1678 947 1734 προλέγων
974 1679 1102 1736 παρὰ
1127 1683 1220 1728 τοῖς
1241 1680 1452 1721 νοσέουσι
1482 1677 1547 1719 τά
1578 1692 1636 1720 τε
1665 1676 1947 1733 παρεόντα
1979 1677 2162 1720 καὶτὰ
2191 1677 2574 1735 προγεγονότα

349 1755 443 1798 καὶ
467 1752 543 1810 Ιτοὶ
572 1752 852 1808 μέλλοντα
888 1751 981 1796 ἔσε
995 1757 1131 1797 σθαι
1172 1751 1315 1796 ὁκόσα
1354 1768 1403 1794 τε
1431 1754 1793 1808 παραλείπουσιν
1833 1752 1876 1796 οἱ
1911 1751 2212 1803 οἶσθενέοντες
2241 1750 2576 1809 ἐκδιηγεύμενος

349 1824 599 1871 πιστεύοντ’
627 1826 687 1870 ἂν
713 1828 885 1882 μᾶλλον
924 1828 1191 1882 γιγνώσκειν
1230 1828 1286 1870 τὰ
1315 1832 1406 1870 τῶν
1435 1827 1686 1870 νοσεόντων
1724 1825 1973 1883 πρήγματα.
2035 1827 2100 1871 Cf.
2133 1841 2250 1884 quae
2281 1829 2338 1870 ad
2368 1829 2486 1870 hunc
2515 1828 2575 1871 lo-

351 1916 455 1946 cum
483 1905 799 1958 gravissimum
830 1904 1163 1958 explanandum
1207 1903 1349 1946 attulit
1379 1903 1576 1945 Galenus
1606 1904 1650 1945 in
1681 1902 1931 1946 Comment.
1964 1903 2021 1946 ad
2050 1903 2213 1959 Progn.
2246 1904 2331 1947 vol.
2352 1902 2515 1958 XVIII,
2534 1903 2574 1955 2,

351 1992 424 2034 pp.
441 1979 580 2022 1-12
609 1983 654 2022 et
681 1979 867 2022 Haeser.
899 1979 1187 2034 (Geschichte
1216 1980 1295 2022 der
1311 1978 1499 2021 Medicin
1532 1979 1674 2030 §45›:
1723 1978 1859 2021 ‘Alles
1890 1979 2066 2022 Wissen
2098 1978 2188 2022 und
2218 1979 2461 2022 Bestreben
2495 1979 2574 2021 des

350 2054 506 2098 Arztes
536 2054 681 2098 erhalt
716 2068 801 2098 nur
831 2054 1030 2098 dadurch
1060 2054 1239 2109 Werth,
1287 2055 1388 2097 dass
1427 2067 1474 2097 es
1519 2054 1621 2097 dem
1669 2055 1828 2096 letzten
1859 2055 2024 2098 Zweck
2062 2055 2142 2098 der
2169 2055 2445 2110 Heilkunde,
2495 2055 2574 2098 der

349 2131 598 2186 Ethaltung
640 2131 732 2174 und
761 2131 1214 2186 Wiederherstelluug
1253 2132 1332 2174 der
1376 2131 1671 2184 Gesundheit‚
1717 2131 1850 2175 dient.
1923 2131 2002 2173 Als
2031 2130 2152 2174 Kern
2192 2131 2337 2174 dieses
2376 2130 2572 2174 Wissens

352 2206 576 2250 erscheint
603 2206 676 2251 die
692 2207 973 2263 Prognostik‚
1004 2207 1045 2249 d.
1077 2208 1116 2250 h.
1148 2208 1265 2250 nach
1296 2207 1382 2249 den
1415 2209 1602 2262 eigenen
1629 2206 1809 2248 Worten
1840 2207 1919 2248 des
1947 2207 2079 2263 Hipp.
2110 2207 2188 2250 die·
2213 2208 2452 2250 Kenntniss
2482 2207 2573 2249 und

351 2281 670 2338 Bourtheilung
700 2283 781 2325 der
810 2295 1129 2338 vergangenen
1159 2283 1329 2325 sowohl
1369 2283 1434 2324 als
1472 2283 1551 2323 der
1587 2284 1951 2337 gegenwartigen
1982 2283 2288 2325 Verbaltnisse
2326 2284 2404 2325 des
2433 2284 2573 2325 Kran-

351 2357 442 2400 ken
471 2366 574 2400 zum
602 2356 751 2401 Behuf
782 2359 860 2401 der
889 2359 1367 2412 Vorausbestimmung
1404 2359 1484 2400 der
1512 2359 1707 2400 Zukunft
1745 2358 2005 2400 desselben’.
2063 2358 2193 2400 Illum
2231 2359 2377 2400 locum
2407 2359 2571 2414 Hippo·

350 2433 484 2477 cratis
515 2434 727 2488 quoniam
757 2446 847 2477 non
878 2433 1060 2477 dubium
1099 2437 1166 2477 est
1197 2434 1302 2489 quin
1335 2433 1387 2477 G.
1426 2434 1483 2476 ob
1513 2433 1666 2476 oculos
1697 2433 1920 2487 habuerit,
1963 2434 2301 2488 collocationem
2333 2435 2571 2476 verborum

350 2507 411 2553 ad
437 2507 573 2552 fidem
602 2508 729 2552 codd.
767 2508 955 2552 LPScal.
997 2509 1085 2551 levi
1114 2509 1364 2552 Particulae
1409 2523 1459 2552 τε
1487 2509 1829 2565 transpositione
1870 2509 1988 2551 facta
2026 2509 2214 2564 praetuli
2246 2510 2457 2564 vulgatae
2485 2509 2572 2552 for-

350 2587 473 2628 tasse
500 2587 638 2627 natae
666 2596 724 2629 ex
752 2586 840 2628 alio
871 2584 971 2628 loco
1001 2584 1227 2640 Hippocr.,
1259 2586 1334 2640 qui
1363 2585 1524 2640 legitur
1553 2586 1596 2626 in
1627 2585 1754 2639 Epid.
1772 2584 1806 2637 1,
1835 2584 1863 2627 2
1891 2588 2003 2626 extr.
2035 2585 2092 2641 (Ι,
2123 2586 2206 2628 170
2234 2597 2305 2640 ap.
2334 2586 2469 2637 Erm.,
2501 2587 2571 2627 cui

351 2662 504 2704 tamen
541 2659 832 2715 interpolatus
867 2660 991 2703 locus
1022 2659 1237 2717 videtur):
1286 2661 1433 2714 λέγειν
1474 2659 1530 2703 τὰ
1566 2659 1900 2717 προγενόμενα,
1944 2659 2208 2714 γιγνώσκειν
2234 2659 2292 2701 τὰ
2321 2659 2572 2718 παρεόντα,

346 2735 588 2794 προλέγειν
613 2735 671 2780 τὰ
709 2731 915 2792 ἐσόμενα·
952 2736 1145 2792 μελετᾶν
1179 2739 1348 2788 ταῦτα,
1393 2734 1465 2779 vel
1495 2748 1519 2779 e
1549 2734 1708 2780 Galeni
1740 2734 1990 2780 Comment.
2034 2736 2092 2779 ad
2130 2735 2296 2792 Progn.
2327 2735 2498 2791 XVIII,
2527 2736 2569 2791 2,

347 2826 392 2870 p.
409 2813 495 2858 ⁷11:
529 2815 606 2870 τῆς
635 2809 771 2870 αὐτῆς
806 2815 917 2868 γοῦν
954 2815 1107 2870 τέχνης
1136 2809 1235 2858 ἐστὶ
1264 2815 1341 2857 καὶ
1376 2812 1431 2856 τὰ
1461 2812 1768 2870 προγεγονότα
1807 2812 1866 2869 μὴ
1894 2811 2189 2869 θεασάμενον
2228 2810 2373 2857 εἰπεῖν
2408 2815 2485 2857 καὶ
2511 2812 2568 2856 τὰ

346 2888 556 2947 παρόντα
585 2891 664 2933 καὶ
689 2888 747 2933 τὰ
784 2890 1005 2945 μέλλοντα
1043 2887 1249 2934 ἔσεσθαι.
1279 2914 1336 2920 -
1388 2889 1439 2931 In
1469 2901 1590 2944 seqq.
1630 2892 1730 2944 post
1755 2888 1810 2931 τὰ
1840 2889 2060 2944 μέλλοντα
2088 2889 2370 2948 γενήσεσθαι
2396 2892 2458 2948 τῷ
2487 2888 2570 2932 κά-

344 2979 506 3021 μνοντι
533 2965 715 3009 foedum
745 2967 974 3021 glossema
1000 2964 1235 3021 νοσήματα
1264 2966 1307 3007 in
1338 2964 1553 3008 editiones
1584 2964 1688 3006 inde
1717 2964 1773 3006 ab
1793 2965 1955 3007 Aldina
1983 2967 2172 3022 irrepsit,
2203 2966 2331 3021 quasi
2359 2977 2490 3017 vero,
2521 2968 2570 3007 ut

346 3041 455 3084 nihil
471 3041 638 3096 dicam,
669 3053 806 3096 quam
836 3042 948 3083 mire
976 3040 1032 3084 de
1063 3053 1153 3084 uno
1172 3045 1357 3096 aegroto
1391 3040 1471 3098 (τῷ
1487 3039 1694 3095 κάμοντι)
1723 3040 1780 3082 τὰ
1809 3042 2017 3098 παρόντα
2045 3041 2281 3097 νοσήματα
2303 3041 2465 3084 dictum
2499 3040 2569 3093 sit,
