2891 3624
303 478 441 524 1>er
466 466 657 522 assequi,
674 477 862 509 necesse
891 465 982 507 est’.
1041 464 1251 507 Mendum
1286 464 1457 508 illatum
1494 478 1524 506 a
1550 465 1731 509 librario
1769 467 2000 521 archetypi
2038 466 2174 507 fuisse
2216 467 2392 509 videtur
2431 448 2551 521 pro-⁵

306 543 408 596 pter
431 539 720 584 ‘vicinitatem
751 539 957 584 Genetivi
987 540 1142 594 prioris
1175 524 1339 582 αὐτῶν.

532 613 625 660 διὰ
654 613 955 673 μοχθηρὰν
983 613 1215 672 τροφήν,
1247 613 1308 670 ἣν
1350 613 1400 658 οἳ
1440 618 1538 659 νῦν
1566 633 1603 659 κ.
1634 634 1674 664 τ.
1703 617 1765 670 λ.]
1817 615 1930 660 Cum
1970 615 2183 659 hocloco
2225 629 2282 659 ea
2326 616 2530 659 conferre

308 702 481 751 operae
511 689 701 748 pretium
731 693 819 745 est,
857 701 977 747 quae
1006 689 1059 731 G.
1091 689 1148 732 de
1177 690 1374 732 moribus
1405 692 1566 733 aetatis
1596 703 1708 735 suae
1739 692 1954 747 corruptis
1990 691 2194 747 queritur.
2219 691 2264 734 in
2294 689 2529 734 Method.

308 765 443 809 med.
474 765 561 806 vol.
589 764 654 818 X,
683 777 726 822 p.
756 765 805 808 2:
848 765 1101 822 κεφάλαιον
1134 786 1182 793 -
1223 763 1318 808 ἐστὶ
1352 763 1405 807 τὸ
1434 765 1723 809 κινδυνεῦσαι
1759 765 1900 824 μάτην
1933 767 2112 825 γράψαι
2139 763 2385 824 μηδενὸς
2421 766 2531 808 τῶν

309 844 409 885 νῦν
435 839 750 901 ἀνθρώπων
780 838 848 892 ὥς
876 838 985 892 ἔπος
1031 838 1175 883 εἰπεῖν
1213 837 1492 897 ἀλήθειαν
1529 840 1973 894 σπουδάζοντος,
2014 838 2154 886 ἀλλὰ
2191 837 2443 900 χρήματά
2472 849 2540 884 τε·

309 919 403 958 καὶ
432 915 702 972 δυνάμεις
744 915 1039 965 πολιτικάς
1076 918 1165 957 καὶ
1202 913 1507 971 ἀπλήστους
1536 913 1761 972 ἡδονῶν
1790 914 2143 967 ἀπολαύσεις
2172 912 2531 974 ἐζηλωκότων

309 989 363 1042 ἐς
398 994 705 1042 τοσοῦτον,
757 990 824 1041 ὡς
862 993 1167 1046 μαίνεσθαι
1212 991 1490 1044 νομίζειν,
1536 991 1594 1033 εἴ
1629 1006 1713 1042 τις
1756 992 1863 1049 ἄρα
1911 994 2002 1033 καὶ
2050 993 2270 1045 γένοιτο
2317 993 2531 1047 σοφίαν

308 1065 496 1109 ἀσκῶν
526 1065 846 1122 ἡντιναοῦν.
905 1065 1046 1121 αὐτὴν
1073 1067 1158 1120 μὲν
1185 1066 1269 1120 γὰρ
1299 1066 1379 1121 τὴν
1408 1066 1587 1123 πρώτην
1615 1070 1691 1108 καὶ
1718 1066 1857 1116 ὅντως
1888 1070 2081 1123 σοφίαν,
2111 1064 2361 1122 ἐπιστήμην
2390 1064 2532 1109 οὖσαν

309 1145 455 1185 θείων
484 1128 544 1185 τεΧ
569 1145 646 1184 καὶ
683 1139 989 1197 ἀνθρωπίνων
1018 1140 1316 1198 πραγμάτων,
1362 1139 1459 1184 οὐδ’
1489 1139 1607 1183 εἶναι
1636 1142 1868 1196 νομίζουσι
1904 1142 1954 1184 τὸ
1985 1141 2221 1199 παράπαν·
2252 1140 2452 1198 ἰατρικὴν
2480 1140 2532 1183 δὲ

309 1220 386 1260 καὶ
415 1220 692 1274 γεωμετρίαν
737 1220 813 1258 καὶ
851 1215 1086 1273 ῥητορικὴν
1125 1215 1420 1273 ἀριθμητικήν
1465 1231 1514 1258 τε
1543 1219 1619 1258 καὶ
1655 1216 1876 1272 μουσικὴν
1904 1215 2090 1267 ἁπάσας
2120 1231 2170 1259 τε
2212 1217 2293 1267 τὰς
2320 1215 2532 1266 τοιαύτας

309 1295 470 1348 τέχνας
500 1291 619 1336 εἶναι
648 1292 733 1347 μὲν
760 1289 1181 1347 ὑπολαμβάνουσιν,
1213 1289 1265 1334 οὗ
1296 1291 1381 1348 μὴν
1411 1288 1491 1334 ἐπί
1515 1307 1565 1345 γε
1592 1291 1644 1334 τὸ
1673 1293 1798 1342 τέλος
1828 1290 1978 1335 αὐτῶν
2007 1290 2124 1336 ἰέναι
2153 1292 2425 1336 δικαιοῦσιν.
2469 1291 2531 1334 si-

312 1368 471 1411 militer
501 1361 567 1410 d'e
596 1369 785 1410 Praen.
819 1368 883 1409 ad
914 1367 1096 1409 Posth.
1128 1369 1212 1409 vol.
1244 1367 1370 1420 xlv,
1400 1383 1439 1423 p.
1472 1367 1555 1411 600
1585 1369 1800 1423 queritur,
1833 1369 1950 1423 quod
1982 1368 2161 1425 ’κοινὴ
2191 1372 2300 1410 τῶν
2327 1370 2532 1422 τεχνῶν

309 1443 547 1488 ἁπασῶν
576 1444 856 1498 δυστυχία
886 1445 1126 1499 κατείληφε
1154 1444 1234 1486 τὸν
1264 1448 1345 1486 νῦν
1371 1445 1494 1497 βίονῖ

539 1524 724 1563 καίτοι
751 1520 814 1562 τό
844 1517 881 1572 γ’
910 1517 1173 1576 ὑστέροις
1202 1544 1255 1550 -
1285 1522 1584 1572 γεγονέναι
1612 1523 1705 1561 καὶ
1745 1520 1846 1569 τὰς
1879 1522 2074 1573 τέχνας
2111 1537 2150 1562 κ.
2179 1536 2218 1561 τ.
2248 1521 2310 1571 λ.]
2373 1519 2420 1561 Si
2455 1520 2532 1560 Ar·

311 1596 471 1639 ticulus
500 1595 586 1646 τό,
617 1597 692 1651 qui
724 1579 830 1638 ante
857 1597 1016 1648 τέχνας
1047 1597 1089 1636 in
1122 1594 1249 1636 codd.
1283 1595 1380 1636 edd.
1415 1596 1585 1649 legitur,
1617 1599 1738 1636 recte
1769 1607 1819 1636 se
1849 1595 2048 1649 haberet,
2079 1596 2131 1637 G.
2163 1595 2251 1637 duo
2283 1594 2531 1646 commoda,

312 1671 474 1728 quibus
507 1671 709 1713 homines
739 1683 850 1713 suae
881 1671 1039 1712 aetat-is
1080 1671 1270 1725 antiquis
1302 1675 1532 1726 praestare
1561 1671 1642 1724 ait,
1688 1683 1845 1723 unum,
1893 1671 2010 1726 quod
2041 1674 2141 1726 post
2183 1670 2279 1713 illos
2311 1670 2403 1712 nati
2432 1670 2531 1723 sint,

311 1746 526 1799 alterum,
572 1746 691 1801 quod
722 1751 840 1788 artes
887 1746 943 1787 ab
976 1746 1058 1787 inis
1091 1747 1291 1787 excultas
1336 1747 1613 1801 acceperint,
1660 1758 1796 1786 unum
1839 1746 1894 1787 ab
1934 1746 2070 1788 altero
2109 1758 2189 1801 per
2220 1746 2454 1800 repetitum
2483 1743 2535 1788 τό

311 1822 504 1876 disiungi
544 1826 680 1876 atque
718 1821 878 1863 eodem
912 1821 1010 1863 loco
1043 1822 1195 1862 haberi
1227 1821 1372 1862 venet.
1435 1823 1491 1862 At
1520 1821 1769 1862 sententiae
1802 1822 1914 1862 ratio
1945 1821 2162 1876 postulat,
2201 1824 2248 1861 ut
2279 1821 2391 1862 haee
2420 1833 2535 1861 com-

313 1897 450 1938 moda
479 1901 629 1938 mente
659 1909 713 1938 ac
730 1898 1002 1951 cogitatione
1032 1898 1074 1936 in
1107 1909 1242 1936 unum
1266 1898 1593 1951 coniungantur
1623 1901 1758 1951 atque
1788 1896 1844 1937 ad
1875 1897 2078 1950 alterum,
2112 1898 2153 1936 in
2186 1907 2274 1951 quo
2306 1896 2441 1938 cardo
2471 1897 2536 1937 rei

311 1977 399 2026 est,
429 1971 810 2029 παραλαμβάνειν
836 1971 916 2022 τὰς
944 1974 1105 2026 τέχνας
1130 1969 1207 2013 ἐπὶ
1234 1972 1448 2014 πλεῖστον
1478 1973 1763 2029 προηγμένας
1794 1973 1968 2012 animus
2000 1972 2276 2027 potissimum
2309 1972 2535 2027 dirigatur,

311 2048 497 2104 perinde
516 2061 570 2090 ac
599 2050 636 2089 ei
665 2049 878 2103 scriptum
908 2047 965 2089 sit
990 2047 1042 2090 τό
1072 2045 1109 2100 γ’
1140 2045 1347 2105 ὑστέροις
1365 2072 1410 2079 -
1431 2047 1642 2101 γεγονόσι
1671 2047 1751 2097 τὰς
1779 2049 1937 2101 τέχνας
1959 2074 2002 2081 -
2020 2046 2407 2104 παραλαμβάνειν.
2450 2046 2535 2088 Ita·

313 2137 403 2179 que.
438 2124 629 2166 alterum
658 2123 710 2167 τό
750 2123 1065 2179 interpolatum
1097 2124 1289 2178 ideoque
1321 2123 1669 2178 expungendum
1703 2123 1884 2165 videtur.
1945 2123 2176 2165 Sententia
2205 2126 2374 2176 autem,
2402 2134 2535 2178 quam

315 2200 577 2253 G.protulit,
615 2199 730 2240 redit
767 2199 830 2240 de
869 2199 1008 2241 Plac.
1040 2211 1080 2253 p.
1111 2199 1215 2252 726,
1244 2199 1290 2240 4:
1336 2202 1411 2240 καὶ
1446 2196 1568 2254 ἡμεῖς
1609 2196 1922 2254 εὐτυχέστεροι
1960 2198 2075 2240 κατὰ
2105 2201 2326 2240 τοσοῦτον
2355 2194 2539 2240 ἐκείνων

314 2272 476 2329 ἐσμέν,
525 2273 596 2317 ὅτι
623 2273 680 2315 τὰ
708 2273 900 2329 χρήσιμα
930 2275 1082 2330 πολλῷ
1122 2273 1268 2330 χρόνῳ
1305 2274 1416 2328 μετὰ
1447 2270 1660 2327 καμάτων
1702 2288 1752 2315 τε
1780 2276 1856 2315 καὶ
1885 2273 2140 2328 φροντίδων
2169 2270 2416 2328 εὑρεθέντα
2447 2276 2539 2321 τοῒς

314 2351 404 2407 πρὸ
434 2347 559 2405 ἡμῶν
588 2346 720 2391 αὐτοὶ
746 2349 1044 2402 μανθάνομεν
1075 2346 1206 2404 ὀλίγῳ
1236 2349 1396 2405 χρόνῳ.

541 2422 679 2478 πρὸς
706 2422 801 2478 τὴν
822 2426 930 2465 τῶν
957 2422 1268 2466 λειπόντων
1292 2420 1543 2479 εὕρεσιν]
1565 2422 1819 2484 Hip-poor.
1839 2422 1905 2463 de
1933 2428 2131 2463 vetere
2148 2421 2281 2475 Med⁴
2299 2420 2539 2469 c.2(vol.1

317 2515 358 2555 p.
388 2499 473 2544 572
504 2499 672 2550 Lim-,jz
704 2496 871 2556 ἰητρικῇ
902 2497 954 2541 δὲ
983 2497 1134 2540 πάντα
1163 2498 1308 2540 πάλαι
1337 2496 1554 2554 ὑπάρχει,
1597 2500 1672 2539 καὶ
1702 2494 1813 2553 ἀρχὴ
1843 2500 1919 2539 καὶ
1943 2494 2048 2547 ὁδὸς
2077 2494 2322 2554 εὑρημένη,
2352 2494 2456 2539 καθ’
2486 2495 2540 2551 ἢν

315 2578 392 2618 καὶ
430 2574 488 2618 τοὶ
517 2571 740 2630 εὑρημένα
786 2572 932 2618 πολλά
959 2589 1010 2617 τε
1045 2577 1121 2616 καὶ
1159 2575 1303 2623 καλῶς
1341 2571 1505 2627 ἔχοντα
1546 2573 1729 2630 εὕρηται
1757 2569 1808 2616 ἐν
1836 2573 1987 2630 πολλῷ
2030 2572 2176 2630 χρόνῳ
2213 2576 2289 2616 καὶ
2316 2573 2372 2615 τά
2401 2572 2538 2616 λοιπά

315 2647 645 2708 εὑρεθήσεται,
673 2648 727 2705 ἥν
754 2665 821 2699 τις
852 2645 1004 2699 ἱκανός
1032 2665 1082 2692 τε
1110 2645 1198 2692 ἐών
1219 2652 1295 2692 καὶ
1322 2649 1377 2691 τὰ
1409 2646 1631 2706 εὑρημένα
1662 2646 1791 2698 εἰδοὺς
1821 2644 1870 2692 ἐκ
1898 2650 2095 2692 τουτέων
2120 2645 2379 2704 ὁρμώμενος
2400 2648 2540 2706 ζητέῃ.

545 2721 641 2768 οὐκ
670 2721 997 2782 εὐεργεσίας
1041 2721 1354 2780 ἀνθρώπων
1384 2722 1601 2774 ἕνεκεν,
1649 2720 1787 2766 ἀλλὰ
1818 2725 2237 2781 χρηματισμοῦ]
2287 2723 2540 2779 Hippocr.

315 2806 557 2858 Παραγγ.
590 2804 612 2851 S
644 2801 688 2843 5:
734 2798 788 2855 ἢν
825 2799 911 2855 γὰρ
941 2801 1288 2855 φιλανθρωπίη,
1325 2799 1520 2855 πάρεστι
1551 2803 1625 2842 καὶ
1655 2800 1925 2854 φιλοτεχνίη.
1985 2800 2113 2840 Plat.
2145 2799 2268 2853 Rep.
2299 2813 2339 2852 p.
2370 2798 2453 2842 342
2482 2798 2540 2840 D:

315 2873 598 2933 ὡμολόγηται
626 2874 712 2933 γὰρ
741 2871 766 2919 ὃ
794 2871 976 2933 ἀκριβὴς
1006 2872 1158 2933 ἰατρὸς
1189 2873 1411 2930 σωμάτων
1441 2873 1558 2918 εἶναι
1588 2873 1760 2932 ἅρχων,
1791 2871 1886 2918 ἀλλ’
1919 2871 1972 2919 οὔ
2003 2873 2315 2932 χρηματιστής.

542 2956 637 2996 τοῦ
666 2952 858 3002 τέλους
885 2955 980 2995 τοῦ
1011 2952 1118 2994 κατ’
1147 2949 1333 3007 αὐτήν]
1363 2952 1488 3002 τέλος
1516 2955 1591 3007 τῆς
1621 2949 1818 3008 ἰατρικῆς
1862 2951 1965 3005 quid
1996 2956 2135 3004 esset,
2174 2952 2226 2992 G.
2257 2951 2404 2993 multis
2434 2952 2541 2994 locis

317 3030 490 3081 docuit,
536 3030 657 3071 velut
701 3029 758 3071 de
787 3027 928 3070 Sect.
961 3027 1164 3070 lntrod.
1197 3027 1280 3069 vol.
1313 3027 1358 3080 l,
1398 3043 1438 3083 p.
1470 3027 1524 3070 64
1554 3031 1632 3069 in.:
1669 3032 1746 3082 τῆς
1789 3024 1984 3084 ἰατρικῆς
2007 3029 2161 3083 τέχνης
2193 3027 2362 3078 σκοπὸς
2390 3028 2474 3083 μὲν
2515 3024 2540 3082 ἢ
