2891 3624
580 483 681 538 τῆς
723 480 942 538 διαίτης
976 481 1036 525 τὸ
1069 484 1248 537 σχῆμα
1278 505 1332 513 -
1363 481 1591 526 διαιτᾶν
1633 479 1881 540 κελεύει]
1926 479 1992 524 Os.
2022 480 2176 537 Hipp.
2206 480 2510 543 Aphorism.
2540 481 2576 537 1,

255 556 293 600 ’,
348 555 495 603 3-11
524 554 698 613 (1‚.396
719 555 880 614 Brun),
910 556 987 600 ubi
1011 557 1292 613 praecipitur,
1323 557 1467 614 qualis
1495 559 1638 600 victus
1668 558 1781 600 ratio
1811 559 1996 612 aegroto
2026 557 2188 612 cuique
2219 557 2275 599 sit
2301 556 2577 613 adhibenda3

355 633 651 691 inprimisque
671 632 700 686 ξ
721 630 770 677 9:
800 633 1211 690 ξυντεκμαίρεσθαι
1247 631 1299 676 δὲ
1316 632 1397 691 χρὴ
1427 636 1504 677 καὶ
1519 633 1600 677 τὸν
1626 635 1848 677 νοσέοντα
1877 629 1922 676 εἰ
1946 628 2178 691 ἐξαρκέσει
2203 635 2256 693 τῇ
2284 632 2434 693 διαίτῃ
2463 631 2578 688 πρὸς

357 708 441 766 τὴν
469 705 616 766 ἀκμὴν
641 710 718 765 τῆς
744 706 926 753 νούσου.
985 709 1145 752 Galeni
1175 708 1427 753 Comment.
1458 710 1544 754 vol.
1575 708 1723 757 xvll.
1763 708 1805 762 2,
1836 723 1876 764 p.
1906 707 2003 753 378.

581 785 640 828 τί
681 782 749 842 δὴ
796 781 897 829 οὖν
936 781 1283 837 ὑπόλοιπον,
1326 783 1351 829 ὃ
1397 785 1626 842 ζηλοῦσι
1664 782 1945 843 τάνδρός]
1992 784 2064 828 Sic
2107 784 2346 840 legendum
2387 785 2578 828 arbitror

362 860 514 904 eiectis
543 855 641 907 ὄπι
667 857 740 913 τό,
771 870 890 915 quae
916 858 961 902 in
991 859 1045 902 L¹
1077 860 1260 914 desunt,
1302 864 1346 902 et
1374 858 1437 910 εἷς
1467 864 1571 903 ante
1601 860 1639 904 ὅ.
1697 859 1857 916 Neque
1885 862 2004 902 enim
2036 860 2258 903 Atticulae
2286 860 2389 903 ferri
2417 863 2576 916 potest,

363 936 438 992 qui
465 936 531 978 ita
559 934 743 978 demum
773 934 922 978 locum
950 934 1157 986 haberet,
1202 936 1239 977 si
1280 939 1414 978 antea
1444 935 1495 978 G.
1527 937 1702 979 animos
1732 936 1973 990 legentium
2005 935 2149 990 figura
2175 935 2371 991 quadam
2402 935 2577 978 dicendi

358 1014 576 1067 tanquam
612 1009 672 1054 ad
708 1021 834 1065 spem
873 1012 1130 1064 excitasset,
1177 1011 1270 1053 fore
1308 1012 1461 1066 utique
1492 1011 1711 1066 reliquum
1758 1010 1943 1066 aliquid,
1986 1012 2029 1052 in
2061 1022 2149 1065 quo
2180 1015 2476 1054 contemtores
2507 1012 2576 1053 isti
2621 1009 2629 1013 ”

356 1085 676 1141 Hippocratem
697 1085 1044 1137 aemularentur,
1075 1085 1192 1128 hanc
1214 1090 1363 1128 autem
1382 1099 1507 1142 spem
1538 1077 1631 1128 iam*
1652 1087 2000 1141 interrogatione
2029 1087 2257 1141 proposita
2284 1086 2575 1142 praecideret.

359 1160 502 1206 Multo
531 1161 679 1203 minus
718 1161 820 1203 ferri
863 1164 1012 1215 potest
1039 1160 1312 1216 Praepositio
1344 1160 1406 1211 εἷς
1438 1166 1541 1203 ante
1570 1161 1594 1205 ὅ
1625 1162 1768 1215 illata,
1817 1162 1980 1216 quippe
2024 1173 2142 1216 quae
2180 1173 2264 1203 nec
2294 1161 2576 1203 antecedenti

358 1233 619 1281 ὑπόλοιπον
646 1246 734 1278 nec
763 1235 967 1291 proxime
994 1236 1282 1291 sequentibus
1312 1233 1366 1280 οὔ
1395 1236 1480 1293 γὰρ
1511 1236 1563 1292 δὴ
1590 1235 1672 1292 ,τήν
1700 1235 2007 1292 ,νε-δεινότητα
2038 1247 2099 1277 sc.
2127 1235 2311 1292 ζηλοῦσι
2339 1239 2446 1291 apta
2475 1248 2577 1278 con-

355 1315 669 1367 sentaneaque
697 1312 764 1354 sit.
823 1311 972 1354 Verbo
1019 1308 1117 1355 ἐστι
1163 1312 1292 1354 facile
1337 1324 1541 1355 caremus
1590 1313 1632 1354 in
1673 1312 1834 1354 talibus
1874 1312 2294 1366 interrogat-ionibus
2341 1323 2431 1354 non
2472 1323 2575 1354 raro

355 1388 536 1431 omisso.
578 1385 644 1430 cf.
677 1386 734 1428 de
762 1386 798 1428 F
807 1398 880 1429 ac.
913 1391 1023 1428 nat.
1054 1387 1140 1429 vol.
1173 1387 1225 1440 11,
1258 1401 1298 1442 p.
1316 1387 1389 1431 69:
1420 1391 1484 1438 τίς
1513 1386 1595 1430 οὖν
1624 1385 1649 1443 ἥ
1673 1387 1971 1443 διαδεξαμένη
1993 1387 2161 1443 ταύτην
2189 1386 2326 1439 δόξας
2355 1388 2412 1430 ib.
2443 1388 2576 1443 p.84:

356 1466 423 1514 τίς
453 1460 536 1507 οὖν
565 1458 590 1506 ὃ
619 1465 795 1516 μετρῶν
824 1459 965 1505 αὖτοῧ
993 1461 1044 1505 τὸ
1074 1462 1220 1506 ποσὸν
1247 1467 1323 1518 τῆς
1351 1459 1560 1520 ἐπιρροῆς
1570 1478 1586 1512 ;

579 1533 644 1580 οὗ
673 1535 773 1592 γὰρ
803 1535 868 1592 δὴ
897 1535 993 1591 τήν
1021 1551 1079 1590 γε
1107 1540 1197 1593 τῆς
1228 1534 1524 1595 ἑρμηνείας
1555 1537 1873 1594 δεινότητα]
1914 1536 2045 1593 Quod
2081 1539 2123 1579 in
2153 1538 2190 1580 A
2223 1537 2402 1593 legitur:
2433 1534 2457 1581 ὃ
2488 1537 2574 1595 γὰρ

354 1611 409 1669 δὴ
436 1611 571 1669 τήνδε
597 1627 635 1655 τ.
675 1608 712 1656 ἑ.
743 1610 807 1666 δ.,
845 1613 1004 1655 vitiose
1035 1612 1242 1654 traditum
1275 1624 1370 1655 esse
1400 1614 1490 1655 iam
1523 1613 1735 1655 Erasmus
1766 1616 1810 1655 et
1846 1612 2101 1656 Bellisarius
2129 1615 2379 1667 senserunt,
2411 1612 2484 1655 ille
2513 1614 2577 1656 sio

354 1688 674 1744 interpretans:
722 1687 841 1730 ‘nam
871 1687 908 1730 is
939 1687 1118 1744 quidem
1149 1700 1239 1730 non
1272 1687 1414 1731 solum
1448 1689 1491 1730 in
1524 1688 1646 1743 aliis,
1677 1699 1832 1731 verum
1863 1689 1997 1731 etiam
2028 1689 2071 1730 in
2103 1688 2357 1744 explicandi
2387 1688 2575 1731 dexteri-

356 1765 446 1809 tate
473 1763 728 1821 praecellit’,
758 1763 829 1807 hic
850 1764 1031 1820 propius
1062 1763 1119 1806 ad
1160 1765 1390 1807 veritatem
1415 1765 1657 1808 accedens:
1697 1764 1748 1807 ‘si
1780 1764 1957 1820 quidem
1983 1763 2086 1822 (γὰρ
2107 1762 2185 1820 δή)
2218 1775 2308 1807 non
2328 1765 2372 1816 in
2404 1764 2578 1807 dicendi

355 1840 598 1896 gravitate'.
628 1839 743 1883 Rem
761 1852 845 1883 acu
863 1840 1030 1896 primus
1050 1840 1191 1894 tetigit
1209 1839 1390 1893 Comes,
1423 1853 1523 1883 cum
1546 1842 1718 1897 scripsit
1749 1838 1802 1884 οὔ
1821 1840 1905 1898 γὰρ
1932 1839 1985 1896 δὴ
2013 1840 2093 1896 τήν
2120 1854 2193 1894 γε,
2226 1842 2350 1882 cuius
2368 1840 2576 1883 emenda-

356 1917 523 1960 tionem
558 1919 702 1969 (nunc
730 1927 790 1959 ex
820 1920 948 1972 parte
978 1915 1104 1959 codd.
1122 1915 1193 1957 LP
1216 1917 1548 1968 confirmatam)
1582 1930 1659 1959 cur
1688 1915 1918 1959 Kuebnius
1948 1916 2261 1972 repudiaverit,
2291 1917 2398 1958 satis
2426 1917 2577 1958 mirari

355 2003 446 2035 non
476 2003 605 2048 queo.
663 1990 872 2035 Restituit
901 1991 1019 2035 enim
1064 1991 1138 2034 ille
1167 1991 1403 2034 formulam
1444 1992 1560 2048 apud
1595 1992 1813 2035 Galenum
1851 1992 2279 2047 frequentissimam,
2327 2004 2418 2048 qua
2447 2004 2575 2048 argu-

356 2068 641 2113 mentationis
671 2068 787 2124 parti
816 2068 952 2124 priori
981 2067 1230 2111 adnectitur
1260 2068 1424 2124 aliquid
1448 2068 1740 2112 additamenti
1769 2069 1840 2111 vel
1871 2067 2166 2125 supplementi
2196 2068 2317 2121 loco,
2347 2069 2442 2111 sive
2472 2069 2577 2124 quia

356 2145 401 2188 in
432 2146 621 2188 transitu
651 2147 824 2186 tantum
858 2144 1165 2199 attingendum
1198 2148 1265 2186 est
1292 2146 1386 2186 sive
1417 2147 1522 2201 quia
1551 2158 1641 2187 non
1673 2145 1832 2187 eodem
1864 2158 1963 2187 cum
1995 2145 2214 2199 prioribus
2245 2144 2345 2187 loco
2375 2144 2575 2187 habetur·

357 2217 422 2263 Cf.
465 2220 581 2263 infra
621 2234 664 2276 p.
695 2219 764 2275 14,
795 2218 869 2263 18:
914 2216 967 2264 οὕ
1006 2219 1091 2277 γὰρ
1134 2218 1188 2276 δὴ
1226 2219 1330 2270 δέος
1367 2235 1439 2274 re,-
1485 2235 1526 2276 p.
1561 2221 1634 2274 15,
1666 2221 1738 2265 15:
1783 2217 1836 2264 οὗ
1882 2222 1967 2276 γὰρ
2014 2219 2067 2276 δὴ
2097 2218 2232 2263 τοῦτό
2274 2216 2312 2273 γ’
2357 2217 2416 2263 ἂν
2456 2216 2576 2274 ἔχοις

355 2292 524 2347 εἰπεῖν,
566 2295 634 2339 de
663 2295 762 2338 Pla
777 2308 814 2338 c.
845 2309 886 2351 p.
917 2294 1019 2340 390:
1061 2293 1114 2339 οὖ
1153 2294 1239 2352 γὰρ
1278 2295 1332 2352 δὴ
1372 2293 1395 2339 ὃ
1426 2296 1559 2350 λόγος
1596 2310 1647 2350 γε
1676 2300 1758 2339 νῦν
1786 2293 1983 2352 ἡγεμών,
2012 2296 2068 2338 ib.
2102 2309 2145 2351 p.
2175 2295 2280 2339 407:
2322 2292 2375 2338 οὖ
2406 2294 2490 2351 γὰρ
2521 2294 2575 2351 δὴ

355 2368 610 2428 ἀποχρήσει
640 2369 678 2425 γ’
709 2368 813 2428 ἥμῒν
842 2368 998 2414 εἰπεῖν.
1057 2370 1146 2412 Sed
1182 2372 1260 2413 toti
1300 2371 1417 2417 loco,
1442 2373 1505 2413 ita
1542 2372 1777 2414 sanitatem
1809 2371 2088 2420 reddendam
2131 2371 2498 2424 existimavimus,
2529 2373 2578 2411 ut

354 2448 398 2489 in
427 2458 553 2502 seqq.
583 2447 940 2501 interpunctione
971 2446 1099 2488 aliter
1132 2449 1266 2502 atque
1307 2448 1352 2488 in
1382 2447 1422 2488 K
1451 2448 1651 2488 instituta
1686 2459 1767 2501 pro
1801 2450 1863 2504 τῷ·
1891 2448 1975 2501 μέν
2002 2461 2053 2500 γε
2081 2446 2376 2505 scriberemus
2404 2448 2466 2504 τῷ
2491 2445 2576 2501 μὲν

352 2520 417 2576 γά
428 2537 466 2578 ρ.
525 2521 745 2565 Neutrum
786 2526 921 2565 τοῦτο
971 2522 1029 2564 ad
1057 2521 1138 2577 τὴν
1180 2522 1258 2577 τῆς
1294 2519 1527 2579 ἑρμηνείας
1570 2518 1803 2578 δεινότητα
1848 2521 2154 2575 referendum3
2201 2519 2255 2563 cf.
2297 2521 2430 2576 paulo
2459 2522 2575 2563 infra

353 2610 397 2652 p.
409 2596 477 2651 12,
490 2596 518 2640 6
533 2599 734 2653 θατέρου
750 2595 791 2639 δ’
811 2595 962 2640 αὐτῶν
975 2597 1164 2639 relatum
1187 2598 1244 2639 ad
1263 2602 1526 2651 antegressa
1540 2597 1773 2639 Feminina
1781 2596 1989 2653 βούλησις
2004 2601 2049 2638 et
2066 2596 2272 2652 δύναμις,
2280 2597 2398 2638 idem
2418 2599 2575 2651 postea

308 2687 314 2692 ·
352 2674 400 2714 et
428 2672 495 2714 de
523 2670 650 2715 ord.
681 2672 824 2714 Libr.
862 2673 950 2715 vol.
980 2671 1109 2725 XIX,
1158 2687 1199 2727 p.
1229 2673 1302 2715 54:
1333 2670 1429 2714 κατ’
1469 2669 1775 2728 ἐπιστήμην
1813 2670 1996 2728 ἀκριβῆ,
2035 2675 2196 2715 τοῦτο
2236 2671 2322 2728 γὰρ
2366 2668 2572 2728 ὑπάρχει.

578 2745 817 2798 πολλοὺς
847 2744 1032 2791 αὐτῶν
1062 2772 1114 2779 -
1145 2745 1361 2807 ῥᾴδιον]
1393 2747 1531 2791 Notat
1552 2748 1750 2790 medicos
1781 2747 2001 2790 scribendi
2031 2747 2180 2800 rudes,
2212 2747 2356 2802 qualis
2384 2745 2468 2789 fuit
2495 2746 2573 2789 Ar-

353 2823 567 2879 chigenes
598 2820 671 2879 (cf.
701 2823 887 2866 Haeser.
919 2821 1079 2866 Gesch.
1120 2823 1161 2865 d.
1191 2823 1305 2866 Med.
1339 2827 1360 2875 §
1395 2823 1525 2877 103),
1572 2823 1628 2866 de
1658 2825 1781 2866 cuius
1806 2825 2029 2866 oratione
2060 2824 2305 2879 impropria
2333 2825 2469 2878 atque
2498 2823 2573 2866 ob-

352 2912 486 2942 scura
515 2901 560 2942 in
591 2900 712 2943 libris
744 2899 808 2942 de
835 2898 996 2942 Locis
1027 2898 1232 2951 effect„
1262 2901 1383 2942 velut
1411 2899 1465 2954 11,
1498 2914 1531 2943 c.
1563 2901 1603 2944 4.
1632 2900 1659 2944 5
1693 2900 1803 2956 (vol.
1837 2899 1963 2953 VIII,
1994 2915 2036 2955 p.
2070 2898 2164 2944 119.
2196 2898 2329 2954 120),
2360 2899 2572 2955 queritur.
